2476 4036
330 137 558 200 Historiarum
582 137 770 200 Alexandri
787 139 849 213 IV,
880 153 925 219 15.
1086 143 1128 222 89

127 320 297 385 invadunt.
347 320 452 397 Laeti,
471 320 526 402 qui
543 320 630 384 circa
647 320 860 403 Sisigambim
885 333 989 398 erant,
1007 323 1127 386 vicisse
1148 349 1178 384 10

128 426 284 500 Dareum,
302 411 431 506 ingenti
448 425 548 487 caede
564 435 748 506 prostratos
773 427 897 501 hosteS,
915 428 956 489 ad
972 427 1127 490 ultimum

127 529 227 592 etiam
261 528 499 609 inpedimentis
538 537 656 591 exutos
694 549 768 591 esse
806 530 972 606 nuntiant,
1005 531 1127 613 quippe

127 634 266 720 eandem
289 632 458 695 fortunam
481 632 604 714 ubique
627 653 701 696 esse
724 634 904 696 credebant
928 644 961 696 et
984 635 1127 698 victores

86 757 101 797 ι
129 738 246 800 Persas
273 738 313 800 ad
339 737 495 819 praedam
521 737 725 801 discurrisse.
775 737 973 820 Sisigambis
997 739 1128 802 hortan-
1148 765 1176 800 ιι

127 840 218 904 tibus
246 839 394 922 captivis,
420 849 457 903 ut
487 840 633 903 animum
664 860 684 904 a
714 860 862 904 maerore
892 843 1068 919 adlevaret,
1094 844 1128 905 in

127 946 254 1020 eodem,
281 965 347 1027 quo
371 954 470 1008 antea
493 945 567 1020 fuit,
593 945 827 1026 perseveravit.
875 946 953 1009 Non
974 967 1038 1009 vox
1062 947 1129 1009 ulla

128 1048 250 1112 excidit
266 1048 306 1124 ei,
325 1068 392 1110 non
409 1047 475 1111 oris
492 1048 581 1111 color
596 1048 751 1112 vultusve
774 1057 922 1112 mutatus
946 1058 1018 1114 est:
1042 1051 1127 1112 sedit

128 1151 298 1216 inmobilis
313 1189 355 1198 —
373 1153 480 1228 cred0,
508 1152 686 1234 praecoqui
712 1153 833 1235 gaudio
857 1153 962 1216 verita
993 1153 1128 1217 inritare

75 1277 104 1318 ιο
128 1257 297 1343 fortunam
307 1294 359 1332 —,
382 1257 464 1319 adeo
495 1266 541 1333 ut,
567 1257 646 1340 quid
671 1257 794 1332 mallet,
820 1257 1030 1321 intuentibus
1055 1279 1127 1322 eam

129 1360 228 1424 fuerit
242 1360 414 1425 incertum.
455 1359 549 1423 Inter
561 1361 643 1430 haec
659 1361 823 1437 Menidas,
836 1361 1025 1444 praefectus
1041 1363 1129 1445 equi·
1149 1387 1179 1423 12

128 1473 201 1528 tum
217 1464 409 1539 Alexandri,
422 1484 496 1527 curn
513 1464 627 1545 paucis
643 1465 760 1527 turmis
777 1485 874 1547 opem
891 1464 1128 1546 inpedimentis

129 1567 255 1632 laturus
279 1569 459 1631 advenerat
470 1605 515 1615 —
526 1569 690 1631 incertum
708 1589 811 1631 suone
827 1569 964 1632 consilio
980 1591 1023 1633 an
1039 1571 1128 1653 regis

129 1672 267 1755 imperio
279 1672 392 1734 -sed
409 1693 475 1734 non
500 1671 659 1735 sustinuit
676 1672 895 1735 Cadusiorum
918 1672 1130 1758 Scytharum-

78 1793 104 1835 ιι
130 1798 195 1859 que
210 1775 381 1857 impetum,
400 1775 521 1858 quippe
537 1776 591 1838 vix
611 1784 776 1857 temptato
800 1777 981 1840 certamine
1003 1778 1127 1860 refugit

129 1881 171 1944 ad
198 1900 321 1962 regem,
348 1879 544 1942 amissorum
568 1879 869 1960 inpedimentorum
897 1881 994 1944 testis
1021 1883 1128 1964 magis

131 2005 229 2068 quam
244 1984 373 2046 vindex.
400 1983 472 2046 lam
488 1983 661 2046 consilium
679 1983 862 2045 Alexandri
877 1985 970 2048 dolor
984 1985 1129 2050 vicerat:
1149 2010 1180 2061 13

131 2097 174 2164 et,
191 2108 234 2150 ne
250 2108 328 2151 cura
346 2086 562 2168 recuperandi
584 2107 643 2149 sua
663 2085 802 2150 militem
820 2107 841 2150 a
860 2089 985 2169 proelio
1005 2100 1130 2153 averte-

131 2202 191 2267 ret,
208 2212 276 2255 non
299 2191 454 2253 inmerito
476 2192 659 2253 verebatur.
705 2190 824 2273 Itaque
846 2190 985 2268 Areten,
1010 2195 1128 2257 ducem

80 2313 106 2354 ro
131 2295 639 2375 hastatorum—sarissophoros
654 2294 1034 2360 vocabant-adversus
1052 2297 1131 2382 Scy·

80 2409 117 2470 57
132 2401 207 2463 thas
224 2399 336 2463 mittit.
385 2399 480 2462 Inter
495 2399 577 2462 haec
594 2418 717 2472 currus,
736 2399 792 2480 qui
809 2399 896 2463 circa
913 2400 1009 2482 signa
1024 2401 1130 2483 prima
1151 2433 1181 2482 14

131 2505 345 2567 turbaverant
358 2503 474 2579 aciem,
487 2501 521 2564 in
534 2502 731 2584 phalangem
745 2502 868 2567 invecti
881 2514 983 2568 erant.
1022 2505 1131 2568 Mace-

132 2608 235 2670 dones
248 2607 451 2671 confirmatis
467 2606 587 2668 animis
603 2605 637 2668 in
653 2607 797 2670 medium
816 2629 936 2689 agmen
952 2608 1127 2690 accipiunt.

132 2710 229 2774 Vallo
241 2710 358 2774 similis
368 2710 456 2774 acies
469 2718 560 2776 erat:
576 2709 751 2774 iunxerant
764 2712 877 2775 hastas
890 2720 924 2775 et
936 2713 978 2776 ab
989 2722 1129 2796 utroque
1152 2741 1161 2775 1
1166 2739 1180 2792 ς

81 2833 107 2874 25
132 2814 236 2878 latere
265 2824 392 2877 temere
422 2813 661 2877 incurrentium
688 2813 745 2877 ilia
771 2816 1003 2879 suffodiebant.
1063 2817 1132 2880 Cir-

133 2918 258 2982 cumire
281 2918 401 2981 deinde
418 2918 474 3002 [et]
492 2938 607 2982 currus
631 2927 665 2980 et
688 2928 952 3000 propugnatores
976 2920 1132 3002 praecipi-

133 3030 204 3084 tare
220 3032 409 3104 coeperunt.
458 3021 584 3104 Ingens
595 3021 692 3084 ruina
707 3043 866 3105 equorum
878 3023 1132 3106 aurigarumque

133 3125 238 3189 aciem
263 3120 482 3207 conpleverat.
531 3125 579 3189 Hi
599 3126 734 3190 territos
751 3147 866 3208 regere
882 3114 950 3190 non
965 3137 1130 3210 poterant,
1153 3142 1183 3190 16

134 3228 189 3312 qui
206 3231 321 3293 crebra
332 3229 510 3294 iactatione
523 3228 689 3295 cervicum
702 3250 770 3293 non
782 3229 897 3312 iugum
910 3231 1007 3293 modo
1020 3252 1134 3295 excus-

82 3355 109 3396 so
135 3343 257 3410 serant,
275 3335 333 3397 sed
358 3333 459 3397 etiam
486 3354 601 3398 currus
629 3342 829 3409 everterant,
845 3333 1010 3397 vulnerati
1035 3334 1134 3398 inter-

134 3437 241 3501 fectos
265 3438 451 3514 trahebant,
469 3458 532 3501 nec
555 3436 739 3501 consistere
762 3436 870 3500 territi
894 3458 956 3500 nec
978 3439 1132 3520 progredi

134 3541 261 3604 debiles
287 3549 452 3624 poterant.
501 3542 628 3604 Paucae
652 3549 765 3604 tamen
791 3560 933 3604 evasere·
953 3541 1133 3624 quadrigae
1154 3564 1184 3616 17

116 3745 138 3784 3.
151 3743 235 3783 exutos,
245 3737 360 3790 strffled,
369 3737 495 3791 despozted.
548 3753 571 3793 9.
585 3735 718 3792 praecoqui,
726 3737 880 3787 orianum.
926 3728 964 3767 ιὶ-
974 3719 1102 3766 Qubba*
1111 3708 1218 3769 *ww-‘G'

67 3805 101 3843 ’⁵'
115 3793 257 3848 ὤμω·
307 3815 344 3854 ²9·
359 3802 482 3848 iacrauoue
492 3802 620 3857 cervicum,
629 3803 724 3854 tonina
732 3799 757 3851 oi
763 3796 833 3842 their
844 3789 928 3835 mets.
976 3795 1015 3832 Ψ·
1027 3762 1218 3830 Ᾰὲῶῑῆωῂῗ

60 3856 186 3922 mnded.
