2476 4036
110 135 154 216 46
481 130 518 210 Q.
547 130 643 198 Curti
662 133 746 216 Rufi

109 339 195 403 quae
216 316 280 383 alia
303 326 395 382 strue
418 337 572 381 saxorum
595 317 816 399 arborumque
838 315 1007 382 cumulata
1021 317 1109 384 velut

109 423 251 506 quodam
269 442 356 485 nexu
380 421 555 484 continens
579 440 662 502 opus
686 421 869 484 iunxerant.
919 421 993 486 Nec
1009 424 1110 508 Tyrii,

108 527 267 609 quidquid
296 526 338 589 ad
362 524 595 606 inpediendam
620 524 741 587 molem
766 524 947 606 excogitari
969 535 1110 608 poterat,

61 654 92 692 ro
109 631 258 713 segniter
287 629 544 712 exequebantur.
594 628 810 709 Praecipuum
841 629 999 693 auxilium
1031 641 1111 707 erat,

108 735 164 817 qui
180 734 294 817 procul
312 732 459 796 hostium
476 742 659 814 conspectu
684 732 840 796 subibant
863 754 982 816 aquam
1007 735 1113 799 occul·
1143 749 1152 790 ὁ

107 848 208 922 toque
235 838 330 919 lapsu
358 838 399 900 ad
427 837 548 899 molem
581 856 685 919 usque
715 838 945 919 penetrabant,
968 837 1113 904 falcibus

107 943 233 1025 palmas
257 942 411 1005 arborum
440 941 659 1003 eminentium
684 942 726 1004 ad
754 962 790 1004 se
816 942 1000 1018 trahentes,
1027 965 1113 1027 quae

108 1046 165 1111 ubi
187 1057 321 1110 secutae
344 1055 448 1121 erant,
467 1046 623 1128 pleraque
646 1066 759 1110 secum
783 1046 817 1108 in
841 1047 1044 1129 profundum
1060 1049 1115 1112 da·

107 1151 208 1214 bant:
231 1159 302 1212 tum
319 1150 445 1212 levatos
463 1170 569 1241 onere
581 1149 713 1232 stipites
729 1160 932 1234 truncosque
955 1151 1113 1215 arborum

106 1254 195 1317 haud
222 1273 319 1335 aegre
347 1253 590 1318 moliebantur:
622 1254 742 1317 deinde
767 1263 876 1317 totum
902 1275 996 1336 opuS,
1023 1257 1112 1338 quod
1138 1270 1159 1311 1⁰

107 1357 277 1440 stipitibus
307 1357 417 1421 fuerat
444 1357 604 1433 innixum,
632 1358 851 1422 fundamento
875 1357 969 1441 lapso
996 1379 1115 1443 seque-

106 1463 213 1526 batur.

59 1590 87 1628 rr
150 1565 266 1648 Aegro
282 1564 383 1628 animi
398 1564 590 1629 Alexandro
607 1585 678 1641 nec,
694 1575 919 1647 perseveraret
935 1586 978 1629 an
991 1567 1110 1644 abiret,

106 1670 188 1734 satis
205 1679 296 1733 certo
313 1669 429 1733 classis
456 1669 568 1754 Cypro
592 1670 725 1732 advenit
751 1671 934 1752 eodemque
957 1679 1112 1753 tempore

107 1774 272 1839 Cleander
309 1795 385 1838 cum
418 1773 554 1838 Graecis
587 1773 748 1837 militibus
779 1773 813 1836 in
852 1773 970 1837 Asiam
1001 1795 1112 1858 nuper
1137 1791 1161 1832 ιε

106 1877 261 1942 advectis.
310 1896 330 1940 c
360 1887 394 1940 et
426 1895 470 1941 xc
502 1877 635 1959 navigia
665 1877 700 1940 in
731 1878 796 1941 duo
819 1877 935 1940 dividit
967 1898 1112 1945 cornua:

105 1982 235 2046 laevum
253 1982 467 2065 Pnytagoras,
487 2001 545 2044 rex
562 1981 770 2065 Cypriorum,
789 2003 863 2046 cum
879 1982 1017 2046 Cratero
1040 1992 1112 2047 tue·

49 2089 52 2094 ’
106 2086 212 2161 batur,
245 2085 474 2148 Alexandrum
506 2085 541 2148 in
580 2087 696 2149 dextro
733 2086 980 2169 quinqueremis
1018 2087 1112 2171 regia

58 2214 89 2253 12
106 2190 257 2253 vehebat.
306 2189 379 2253 Nec
406 2188 509 2273 Tyrii,
535 2210 734 2273 quamquam
766 2190 906 2255 classem
930 2191 1109 2268 habebant,

106 2293 177 2357 ausi
204 2292 319 2356 navale
346 2292 429 2355 inire
456 2302 648 2358 certamen:
680 2293 742 2356 tris
769 2295 904 2358 omnino
931 2304 1010 2359 ante
1036 2295 1111 2377 ipsa
1136 2315 1162 2379 au

105 2396 238 2460 moenia
265 2406 503 2479 opposuerunt,
534 2395 654 2480 quibus
680 2417 736 2460 rex
764 2397 916 2461 invectus
944 2399 1009 2462 ictu
1035 2398 1129 2480 ipso¹

105 2499 272 2565 demersit.

58 2621 88 2674 Ι3
150 2606 287 2669 Postera
303 2603 357 2668 die
380 2602 485 2669 classe
501 2604 543 2668 ad
567 2603 698 2668 moenia
720 2605 855 2668 admota
877 2605 1022 2687 undique
1044 2615 1110 2670 tor·
1124 2611 1163 2672 14

106 2708 227 2772 mentis
244 2718 278 2772 et
295 2708 436 2773 maxime
459 2708 599 2772 arietum
623 2709 721 2791 pulsu
737 2729 849 2772 muros
873 2709 1000 2792 quatit:
1024 2730 1108 2792 quos

104 2812 199 2899 Tyrii
223 2812 342 2894 raptim
369 2811 552 2876 obstructis
577 2812 665 2875 saxis
692 2811 892 2890 refecerunt,
915 2812 1107 2877 interiorem
1135 2833 1163 2873 aa

105 2936 236 3000 quoque
254 2936 395 2990 murum,
413 2925 460 2991 ut,
479 2915 507 2978 si
523 2915 612 2997 prior
634 2914 819 2998 fefellisset,
837 2915 894 2979 illo
917 2937 954 2981 se
977 2927 1109 2988 tueren-

57 3041 88 3092 14
105 3028 168 3096 tur,
194 3019 339 3102 undique
363 3019 437 3083 orsi.
487 3018 553 3083 Sed
578 3019 723 3102 undique
745 3019 796 3083 vis
819 3019 896 3083 mali
920 3021 1108 3103 urguebat:

105 3124 210 3188 moles
234 3123 322 3186 intra
343 3123 402 3186 teli
426 3123 549 3186 iactum
573 3132 653 3198 erat,
679 3123 795 3186 classis
818 3123 949 3186 moenia
972 3124 1109 3187 circum-

55 3231 69 3311 ,ζχ
104 3227 194 3293 ibat:
226 3226 379 3291 terrestri
409 3227 508 3291 simul
539 3227 714 3309 navalique
746 3227 838 3291 clade
869 3227 1105 3292 obruebantur.

106 3332 240 3416 Quippe
264 3331 360 3396 binas
384 3331 609 3413 quadriremes
641 3331 845 3395 Macedones
876 3331 964 3395 inter
994 3352 1030 3395 se
1060 3331 1109 3396 ita
1134 3355 1163 3395 ao

104 3437 290 3510 iunxerant,
316 3445 354 3499 ut
376 3455 494 3518 prorae
517 3437 743 3511 cohaererent,
768 3452 898 3518 puppes
922 3435 1107 3513 intervallo,

55 3563 85 3616 15
104 3549 266 3624 quantum
297 3558 416 3624 capere
442 3547 609 3623 poterant,
636 3539 821 3605 distarent:
857 3539 921 3604 hoc
947 3539 1108 3621 puppium

49 3731 72 3761 ¹⁰
90 3730 163 3777 '⁶⁷¹²’
176 3726 243 3782 lq)
256 3731 312 3783 (²1²1-
331 3733 379 3779 aba.
398 3736 452 3782 witlr
469 3737 516 3784 alia
531 3739 580 3784 and
597 3737 737 3789 cumulata).
781 3749 802 3790 τ.
822 3730 913 3785 palmas
926 3725 1033 3768 arborum
1042 3718 1202 3789 solistumum,

17 3781 113 3823 mm
121 3788 208 3853 Μ’-
216 3798 288 3839 Μη
299 3798 509 3861 ‘immicum
568 3822 591 3863 9.
614 3807 707 3851 levatos
721 3813 803 3852 onere,
818 3789 930 3841 reuma
945 3787 970 3839 οἱ
981 3785 1022 3828 the
1036 3777 1125 3827 wttsshl
1138 3775 1162 3813 ol
1172 3775 1202 3813 Q

17 3838 189 3894 mentm:
244 3871 282 3906 to.
303 3864 478 3928 moliebantur,
486 3871 574 3919 shook.
