2476 4036
143 156 186 218 68
241 164 245 169 ”
514 153 551 233 Q.
579 152 676 219 Curti
693 156 778 239 Rufi

145 336 271 413 defluit,
288 336 384 420 Tigri
400 356 522 401 nomen
538 347 590 401 est
607 338 759 415 inditum,
777 337 854 422 quia
878 337 1010 404 Persica
1033 337 1149 424 lingua

98 455 128 509 ι7
145 441 245 524 tigrin
263 442 418 522 sagittam
435 441 611 522 appellant.
661 442 769 525 Igitur
783 443 885 524 pedes
901 442 993 506 velut
1019 444 1147 509 divisus
1162 452 1197 515 ³8

144 547 178 609 in
204 565 327 609 cornua
348 545 552 609 circumdato
579 546 739 628 equitatu,
763 545 882 609 levatis
910 567 1010 630 super
1036 550 1149 631 capita
1187 543 1193 554 ’

98 662 129 712 18
144 650 254 726 armis,
268 651 356 714 haud
371 671 470 733 aegre
486 652 526 714 ad
544 651 651 732 ipsum
664 652 794 714 alveum
811 661 974 734 penetrat.
1016 653 1148 718 Primus

144 755 233 818 inter
248 755 378 838 pedites
394 775 451 818 rex
473 775 629 837 egressus
653 756 687 818 in
711 756 815 837 ripam
838 757 959 819 vadum
983 757 1148 822 militibus
1185 774 1198 815 ⁵

145 880 254 934 manu,
283 860 414 942 quando
444 879 508 922 vox
537 859 683 923 exaudiri
714 881 781 923 non
813 870 953 942 poterat,
985 863 1158 931 ostendit„

146 963 214 1028 Sed
236 963 373 1046 gradum
399 963 529 1026 firmare
554 963 609 1026 vix
636 973 800 1046 poterant,
833 985 909 1028 cum
937 966 1037 1028 modo
1068 987 1149 1031 saxa

144 1066 271 1130 lubrica
285 1067 464 1149 vestigium
487 1065 651 1142 fallerent,
672 1068 770 1131 modo
792 1068 938 1150 rapidior
960 1071 1049 1133 unda
1072 1055 1149 1134 sub

97 1189 128 1239 ¹9
145 1173 289 1234 duceret.
336 1169 537 1253 Praecipuus
561 1180 631 1234 erat
655 1171 747 1234 labor
769 1192 893 1248 eorum,
918 1173 975 1255 qui
998 1173 1147 1238 humeris

144 1294 245 1338 onera
261 1275 459 1356 portabant:
482 1274 604 1357 quippe
620 1295 695 1338 cum
715 1275 914 1358 semetipsos
938 1296 1055 1359 regere
1078 1298 1146 1340 non
1174 1296 1199 1336 u

144 1387 292 1461 possent,
310 1378 344 1440 in
360 1378 491 1459 rapidos
507 1378 659 1460 gurgites
675 1378 886 1442 incommodo
903 1400 1004 1443 onere
1019 1380 1149 1445 aufere-

145 1483 275 1557 bantur,
292 1491 335 1557 et,
360 1482 438 1545 dum
462 1502 522 1545 sua
545 1482 686 1564 quisque
710 1483 815 1564 spolia
838 1484 997 1566 consequi
1021 1486 1145 1561 studet,
1186 1541 1188 1544 ,

144 1586 249 1649 maior
270 1584 358 1648 inter
378 1585 468 1666 ipsos
491 1605 588 1668 quam
613 1606 688 1649 cum
712 1587 802 1648 amni
825 1597 897 1651 orta
919 1587 1058 1651 luctatio
1083 1598 1146 1664 est,

109 1733 125 1772 s
145 1688 333 1772 cumulique
346 1689 548 1752 sarcinarum
564 1690 685 1771 passim
702 1689 873 1754 fluitantes
888 1691 1065 1775 plerosque
1077 1713 1149 1774 per·

95 1814 128 1850 20
145 1793 302 1858 culerant.
351 1794 424 1855 Rex
441 1813 583 1867 monere,
602 1802 638 1855 ut
658 1794 739 1856 satis
758 1794 920 1858 haberent
939 1816 1031 1859 arma
1048 1796 1148 1859 retin-
1174 1817 1200 1857 u

145 1917 209 1975 ere,
221 1905 332 1960 cetera
344 1916 380 1959 se
392 1896 608 1960 redditurum.
647 1897 715 1960 Sed
728 1917 836 1981 neque
849 1899 1024 1962 consilium
1037 1920 1147 1983 neque

144 2000 320 2082 imperium
331 2000 435 2081 accipi
445 2009 592 2081 poterat:
609 2001 824 2083 obstrepebat
835 2002 912 2065 hinc
924 2012 1044 2078 metuS,
1056 2023 1148 2085 prae-

95 2130 124 2169 21
144 2114 196 2168 ter
207 2105 296 2167 bunc
308 2103 450 2166 invicem
464 2103 662 2167 luctantium
678 2114 814 2168 mutuus
827 2106 957 2170 clamor.
994 2107 1145 2171 Tandem

144 2228 209 2291 qua
224 2207 349 2270 leniore
367 2216 477 2270 tractu
496 2208 603 2270 amnis
622 2209 728 2289 aperit
743 2209 874 2284 vadum,
891 2229 1065 2285 emersere,
1082 2231 1146 2275 nec

144 2311 319 2395 quicquam
350 2320 484 2392 praeter
514 2331 635 2393 paucas
663 2312 809 2375 sarcinas
832 2312 1057 2377 desideratum
1081 2323 1142 2378 est.
1172 2336 1198 2382 ao

95 2445 128 2481 22
146 2413 260 2478 Deleri
282 2415 390 2496 potuit
415 2415 588 2492 exercitus,
615 2416 642 2478 si
665 2416 739 2499 quis
762 2416 895 2480 vincere
918 2437 1020 2480 ausus
1043 2427 1144 2494 esset,

145 2520 204 2583 sed
219 2528 380 2601 perpetua
395 2519 531 2581 fortuna
546 2519 634 2601 regis
654 2519 774 2582 avertit
798 2519 877 2583 inde
899 2520 1040 2585 hostem.
1088 2522 1145 2586 Sic

145 2623 325 2687 Granicum
338 2631 389 2686 tot
402 2623 535 2686 milibus
549 2624 697 2706 equitum
714 2624 929 2707 peditumque
942 2623 976 2687 in
989 2625 1146 2690 ulteriore

145 2727 312 2791 stantibus
329 2727 400 2808 ripa
416 2727 593 2808 superavit,
613 2727 660 2792 sic
680 2728 832 2809 angustis
848 2727 883 2791 in
901 2720 1037 2793 Ciliciae
1060 2729 1161 2810 calli-¹

96 2853 127 2905 23
145 2831 207 2894 bus
223 2839 351 2894 tantam
367 2830 615 2894 multitudinem
633 2832 800 2896 hostium:
823 2831 980 2895 audaciae
1003 2853 1143 2915 quoque,
1171 2855 1197 2895 25

145 2955 210 3018 qua
225 2936 367 2999 maxime
381 2936 496 3019 viguit,
511 2937 595 2999 ratio
611 2936 716 2999 minui
732 2946 853 3019 potest,
872 2935 948 3019 quia
963 2956 1144 3019 numquam

145 3039 179 3102 in
208 3038 384 3103 discrimen
413 3041 514 3116 venit,
543 3061 586 3103 an
617 3050 743 3104 temere
772 3038 917 3105 fecisset.
977 3041 1143 3118 Mazaeus,

145 3142 210 3226 qui,
225 3143 253 3206 si
265 3144 516 3207 transeuntibus
532 3144 657 3208 flumen
674 3144 932 3225 supervenisset,
946 3145 1146 3209 hauddubie

145 3267 364 3329 oppressurus
379 3247 443 3310 fuit
460 3248 695 3329 inconpositos,
713 3247 747 3310 iu
764 3247 835 3330 ripa
857 3250 991 3312 demum
1014 3251 1056 3313 ad
1079 3250 1144 3313 iarn

145 3360 349 3432 perarmatos
366 3352 557 3434 adequitare
573 3352 691 3433 coepit.
740 3352 834 3415 Mille
856 3353 1034 3418 admodum
1058 3355 1146 3437 equi·
1172 3378 1198 3417 ao

96 3479 129 3527 24
146 3465 198 3518 tes
216 3455 439 3536 praemiserat.
481 3455 630 3537 Quorum
647 3455 816 3536 paucitate
832 3456 1024 3520 Alexander
1039 3459 1147 3540 explo-

138 3567 221 3634 rata,
240 3558 363 3621 deinde
380 3567 573 3642 contempta
588 3559 795 3643 praefectum
812 3559 979 3623 Paeonum
995 3562 1144 3644 equitum

49 3744 248 3799 'fimffllefflm
259 3750 485 3801 badomturned.
530 3761 563 3802 26.
582 3755 848 3808 ratio,consr'deratr'on.
887 3745 1119 3792 modulatam„
1155 3746 1229 3794 amin

193 3808 249 3862 ripa
258 3813 361 3872 demum,
372 3823 435 3878 only
442 3837 474 3868 on
484 3825 529 3870 the
536 3825 618 3877 bank,
627 3823 669 3869 i.e.
680 3829 722 3865 not
730 3817 795 3863 until
802 3817 857 3869 dieu
864 3824 924 3856 uere
932 3821 966 3852 on
972 3804 1087 3847 ruebam·
