2476 4036
104 149 149 214 60
473 149 510 229 Q.
538 148 635 216 Curti
652 150 737 236 Rufi

104 342 261 416 superato
290 333 485 418 octingenta
514 334 642 400 talenta
674 334 867 400 Alexandro
903 354 1109 422 omnemque

72 436 230 519 §regiam
261 436 501 521 supellectilem
532 438 676 503 tradidit
738 437 773 502 A
804 439 956 522 Memphi
986 441 1108 508 eodem

104 539 242 606 flumine
257 551 374 606 vectus
392 542 434 605 ad
454 541 611 606 interiora
631 541 783 628 Aegypti
806 551 962 625 penetrat
985 564 1109 630 conpo-

104 643 245 727 sitisque
271 645 370 710 rebus
398 645 453 722 ita,
481 655 517 709 ut
544 644 627 709 nihil
655 666 696 711 ex
722 646 830 729 patrio
858 646 1108 735 Aegyptiorum

104 769 196 815 more
219 759 372 826 mutaret,
396 750 486 814 adire
510 749 599 814 Iovis
624 749 824 815 Hammonis
847 753 1019 820 oraculum
1043 764 1109 821 sta·
1143 771 1155 812 ⁸

71 853 177 919 6tuit.
226 854 296 919 Iter
320 852 482 936 expeditis
506 844 693 938 quoque'et
717 854 833 937 paucis
856 856 912 921 vix
931 856 1108 926 tolerabile

103 958 357 1042 ingrediendum
380 968 471 1024 erat:
492 966 582 1024 terra
604 958 761 1043 caeloque
783 980 942 1044 aquarum
965 962 1108 1044 penuria

94 1048 166 1138 est,
184 1061 314 1127 steriles
337 1062 481 1128 harenae
504 1062 624 1138 iacent,
640 1054 725 1146 quas
747 1065 805 1129 ubi
827 1083 931 1148 vapor
951 1064 1032 1131 solis
1055 1086 1108 1133 ac·

104 1166 227 1243 cendit,
254 1165 383 1230 lervido
414 1165 485 1231 solo
515 1160 674 1232 exurente
704 1168 857 1252 vestigia,
885 1167 1106 1235 intolerabilis

71 1281 217 1340 raestus
247 1270 369 1336 existit.
418 1271 696 1355 Luctan'dumque
720 1282 772 1337 est
797 1293 864 1336 non
888 1272 995 1337 solum
1026 1293 1105 1346 cum
1132 1289 1158 1333 ιι

102 1375 220 1440 ardore
231 1383 265 1439 et
278 1373 428 1440 siccitate
444 1374 598 1458 regionis,
613 1376 785 1441 sedetiam
801 1395 876 1440 cum
888 1375 1106 1443 tenacissimo
1172 1434 1176 1444 .

103 1479 229 1556 sabulo,
247 1480 334 1563 quod
353 1479 537 1563 praealtum
553 1489 587 1545 et
603 1478 747 1563 vestigio
769 1480 893 1544 cedens
915 1500 1016 1564 aegre
1037 1501 1107 1549 mo-

53 1657 55 1663 ,
70 1597 88 1651 8
103 1583 229 1649 liuntur
239 1584 352 1667 pedes.
382 1585 496 1650 ·Haec
508 1582 673 1669 Aegyptii
687 1603 767 1647 vero
783 1582 907 1649 maiora
922 1583 1102 1652 iactabant

104 1687 173 1767 Sed
186 1687 305 1773 ingens
318 1686 438 1771 cupido
448 1687 597 1752 animum
610 1684 801 1775 stimulabat
817 1687 961 1752 adeundi
977 1687 1103 1764 Iovem,

103 1812 203 1875 quem
225 1791 360 1875 generis
383 1790 434 1856 sui
456 1799 627 1856 auctorem
642 1778 738 1854 ⁴haud
761 1799 941 1855 contentus
971 1791 1103 1857 mortali
1131 1809 1158 1855 as

70 1894 240 1979 9lastigi0
261 1905 319 1959 aut
342 1895 499 1960 credebat
522 1914 597 1959 esse
619 1905 676 1959 aut
700 1894 791 1958 credi
812 1894 953 1960 volebat
1011 1895 1104 1979 Ergo
1118 1905 1158 1972 30

104 2021 180 2066 cum
196 1999 246 2076 iis,
264 2020 347 2082 quos
363 2000 484 2063 ducere
506 2018 619 2063 secum
643 2004 816 2073 statuerat,
834 1998 983 2063 secundo
1004 2018 1104 2064 amne

103 2102 278 2169 descendit
294 2104 335 2167 ad
352 2102 517 2166 Mareotin
533 2101 696 2183 paludem.
745 2101 796 2166 Eo
811 2101 914 2184 legati
935 2100 1106 2187 Cyrenen·

104 2208 189 2273 sium
216 2208 305 2271 dona
329 2205 481 2282 attulere,
509 2225 625 2288 pacem
642 2211 683 2268 'et
708 2214 745 2269 ut
769 2203 876 2270 adiret
901 2205 1001 2269 urbes
1025 2223 1104 2270 suas

103 2320 267 2395 petentes.
314 2308 376 2374 Ille
398 2309 494 2373 donis
516 2309 664 2392 acceptis
686 2307 898 2391 amicitiaque
925 2308 1104 2376 coniuncta
1130 2331 1158 2373 ιι

57 2443 88 2482 ιο
102 2415 270 2488 destinata
299 2412 416 2496 exequi
442 2413 561 2495 pergit.
619 2412 674 2477 Ac
700 2411 808 2495 primo
834 2412 967 2495 quidem
994 2421 1029 2479 et
1054 2433 1105 2479 se·

103 2509 228 2602 quente
243 2517 297 2582 die
312 2516 493 2580 tolerabilis
509 2515 602 2581 labor
620 2516 712 2580 visus
735 2515 883 2580 nondum
906 2525 976 2580 tam
997 2514 1103 2581 vastis

103 2623 266 2705 nudisque
297 2620 531 2685 solitudinibus
558 2619 665 2696 aditis,
694 2618 758 2682 iam
789 2628 901 2682 tamen
932 2619 1037 2685 sterili
1065 2629 1102 2686 et

57 2748 84 2787 ιι
104 2726 288 2791 emoriente
303 2711 398 2790 terra.
448 2724 516 2789 Sed
532 2732 568 2788 ut
584 2742 744 2806 aperuere
767 2743 804 2787 se
827 2721 934 2806 campi
956 2723 1025 2788 alto
1046 2723 1104 2788 ob

103 2830 170 2894 ruti
200 2829 324 2904 sabulo,
356 2829 444 2892 haud
474 2847 570 2892 secus
607 2847 706 2910 quam
744 2825 944 2909 prolundum
978 2846 1104 2910 aequor
1128 2851 1156 2893 ιι

11 2946 13 2952 ·
57 2958 87 2997 12
103 2933 245 3017 ingressi
275 2942 397 2996 terram
430 2931 534 2995 oculis
572 2930 793 3014 requirebant.
855 2929 957 2994 Nulla
993 2931 1101 3008 arbor,
1185 2958 1187 2962 ³

103 3037 230 3101 nullum
247 3036 327 3101 culti
344 3034 404 3099 soli
426 3036 619 3100 occurrebat
642 3035 829 3118 vestigium.
876 3033 978 3118 Aqua
999 3034 1101 3100 etiam

102 3141 279 3216 deiecerat,
297 3159 396 3223 quam
418 3138 547 3203 utribus
571 3137 688 3203 cameli
709 3147 877 3214 vexerant,
896 3146 930 3202 et
953 3138 987 3201 in
1009 3138 1103 3204 arido

56 3264 87 3319 ι]
104 3245 174 3310 solo
189 3265 228 3309 ac
243 3243 371 3308 fervido
387 3242 503 3306 sabulo
518 3241 609 3306 nulla
624 3251 703 3307 erat.
750 3241 808 3305 Ad
831 3241 895 3306 hoc
917 3241 966 3305 sol
990 3241 1103 3308 omnia

102 3348 295 3413 incenderat
312 3346 465 3429 siccaque
480 3354 514 3410 et
530 3346 649 3409 adusta
664 3354 759 3408 erant
780 3365 846 3421 ora,
864 3364 939 3408 cum
962 3355 1103 3428 repente
1128 3370 1157 3413 ιι

102 3451 222 3516 —sive
234 3449 314 3514 illud
330 3451 467 3515 deorum
480 3469 601 3513 munus
617 3447 686 3511 sive
703 3468 800 3513 casus
814 3446 1102 3516 luit-obductae

103 3554 196 3620 caelo
216 3554 325 3620 nubes
347 3551 526 3618 condidere
549 3550 662 3628 solem,
679 3550 799 3635 ingens
822 3560 917 3616 aestu
940 3551 1100 3634 fatigatis,

63 3686 361 3803 mab-'damah
421 3764 454 3805 ¹³·
470 3763 547 3795 vero.
565 3782 572 3796 .
589 3739 908 3798 mammaemammal
917 3731 1082 3788 imm
1091 3735 1191 3782 ΨΜ

335 3811 568 3871 &humerum-
623 3814 663 3859 aa.
680 3805 873 3860 unbauran-
