2476 4036
329 108 556 216 Historiarzm
578 150 765 215 Alexandri
784 152 846 226 IV,
874 165 900 232 5,
925 152 953 215 6.
1102 167 1138 232 55

118 346 126 359 ‘
141 337 431 422 interrogatusque
447 357 467 400 a
483 335 686 412 custodibus,
703 335 777 418 quis
794 344 893 411 esset,
911 333 1140 399 Aristonicum

141 445 183 506 ad
200 442 447 505 Pharnabazum
463 440 577 503 venire
594 439 774 521 respondit.
823 439 876 502 Illi
892 439 1139 502 Pharnabazum
1159 466 1192 501 πο

141 546 274 630 quidem
289 545 354 607 iam
371 544 542 627 quiescere
555 553 588 607 et
601 564 669 606 non
684 563 783 626 posse
799 552 871 606 tum
887 543 978 618 adiri,
992 553 1140 607 ceterum

141 659 256 733 patere
286 649 377 713 socio
408 657 508 730 atque
540 647 664 730 hospiti
694 656 826 729 portum
858 656 892 711 et
922 658 1056 729 postero
1087 649 1140 711 die

102 770 116 811 s
143 752 343 817 Pharnabazi
376 752 504 834 copiam
535 753 607 816 fore
636 753 822 816 adfirmant.
874 752 947 816 Nec
977 752 1140 816 dubitavit
1159 776 1188 813 21

141 856 353 921 Aristonicus
367 857 494 940 primus
511 857 643 932 intrare,
659 856 766 920 secuti
782 865 860 920 sunt
876 858 995 920 ducem
1011 856 1141 939 piratici

140 960 251 1037 lembi,
280 981 328 1037 ac,
356 962 435 1024 dum
464 961 631 1042 adplicant
661 960 793 1043 navigia
824 960 984 1043 crepidini
1014 971 1139 1043 portus,

140 1064 283 1129 obicitur
297 1085 317 1128 a
331 1065 487 1148 vigilibus
503 1065 684 1129 claustrum
701 1074 744 1138 et,
761 1064 819 1147 qui
841 1064 981 1147 proximi
1003 1065 1142 1128 excuba-

140 1168 231 1244 bant,
260 1169 302 1233 ab
329 1169 435 1233 isdem
462 1170 657 1234 excitantur.
717 1168 818 1231 Nullo
845 1189 886 1231 ex
912 1169 952 1232 iis
983 1189 1064 1232 auso
1094 1189 1141 1232 re·

88 1291 115 1332 ιο
140 1293 290 1355 pugnare
313 1273 468 1352 omnibus
492 1284 631 1337 catenae
654 1272 797 1336 iniectae
820 1281 906 1348 sunt,
929 1272 1140 1355 Amphotero

140 1375 267 1440 deinde·
292 1377 555 1460 Hegelochoque
586 1378 770 1440 traduntur.
820 1377 910 1440 Hinc
938 1377 1139 1440 Macedones
1158 1399 1191 1436 22

140 1480 301 1544 transiere
318 1481 515 1565 Mitylenen,
533 1501 631 1563 quam
648 1480 775 1544 Chares
791 1480 1013 1544 Atheniensis
1034 1500 1141 1563 nuper

141 1594 336 1666 occupatam
367 1603 392 1648 11
423 1584 550 1648 milium
582 1585 755 1647 Persarum
786 1583 949 1666 praesidio
986 1585 1139 1648 tenebat:

142 1689 200 1751 sed
230 1708 306 1752 cum
336 1687 542 1752 obsidionem
565 1687 707 1751 tolerare
730 1709 798 1751 non
821 1696 944 1770 posset,
969 1688 1051 1751 urbe
1077 1697 1141 1751 tra-

89 1813 116 1853 n
142 1791 212 1855 dita
226 1801 353 1874 pactus,
371 1801 407 1855 ut
431 1791 590 1856 incolumi
613 1791 705 1855 abire
728 1790 852 1866 liceret,
871 1791 1019 1855 Imbrum
1041 1791 1137 1874 petit.
1190 1792 1192 1795 ’

141 1894 275 1960 Deditis
292 1896 495 1961 Macedones
511 1902 739 1979 pepercerunt.

557 2147 640 2214 Cne.
665 2147 726 2214 VI.

89 2314 127 2376 25
184 2315 316 2379 Dareus
339 2315 515 2397 desperata
537 2335 628 2397 pace,
645 2336 744 2398 quam
766 2335 826 2398 per
847 2314 978 2380 litteras
1000 2314 1141 2400 legatos·
1176 2340 1188 2381 ι

141 2440 206 2502 que
232 2419 392 2501 inpetrari
418 2440 517 2502 posse
544 2419 738 2496 crediderat,
758 2420 800 2483 ad
826 2422 1026 2503 reparandas
1052 2421 1139 2485 vires

140 2523 330 2607 bellumque
360 2523 501 2606 impigre
534 2525 760 2587 renovandum
799 2524 944 2588 intendit
981 2524 1136 2589 animum.
1174 2552 1191 2590 2

88 2645 115 2684 n
142 2628 254 2691 Duces
271 2647 350 2710 ergo
366 2627 534 2709 copiarum
552 2627 767 2711 Babyloniam
791 2628 980 2704 convenire,
998 2629 1139 2691 Bessum

84 2799 88 2804 ,
140 2751 280 2815 quoque,
299 2730 550 2795 Bactrianorum
574 2740 769 2812 praetorem,
788 2753 886 2815 quam
910 2731 1052 2795 maximo
1068 2752 1141 2812 pos·

140 2844 192 2899 set
215 2836 362 2899 exercitu
390 2844 516 2909 coacto,
541 2835 744 2898 descendere
770 2836 813 2899 ad
840 2856 876 2899 se
903 2835 1003 2900 iubet.
1052 2835 1139 2900 Sunt
1175 2854 1191 2907 3

139 2949 252 3003 autem
269 2938 437 3003 Bactriani
453 2938 541 3002 inter
563 2938 635 3003 illas
658 2950 779 3021 gentes
802 2938 1051 3021 promptissimi,
1069 2940 1141 3003 hor·

140 3042 219 3106 ridis
232 3042 374 3124 ingeniis
392 3042 600 3126 multumque
617 3062 636 3106 a
653 3044 825 3106 Persarum
841 3043 920 3106 luxu
936 3043 1140 3107 abhorrenti-

88 3162 114 3203 a
139 3146 222 3210 bus:
245 3146 300 3210 siti
316 3147 404 3210 haud
420 3146 535 3229 procul
553 3146 753 3231 Scytharum
770 3146 1022 3211 bellicosissima
1036 3158 1139 3230 gente

140 3259 173 3314 et
189 3260 284 3331 rapto
298 3249 409 3314 vivere
425 3252 564 3315 adsueta
585 3272 717 3335 semper
738 3252 772 3315 in
795 3253 896 3317 armis
919 3263 1025 3317 erant.
1072 3254 1139 3319 Sed
1172 3272 1191 3322 4

139 3355 263 3418 Bessus
286 3366 443 3438 suspecta
467 3359 604 3441 perfidia
627 3360 713 3423 haud
738 3381 819 3424 sane
842 3381 947 3444 aequo
969 3361 1081 3426 animo
1104 3361 1138 3424 in

139 3460 286 3523 secundo
317 3480 353 3524 se
384 3462 562 3532 continens
593 3464 697 3545 gradu
727 3484 841 3546 regem
872 3466 1038 3531 terrebat:
1061 3487 1138 3531 nam

138 3584 215 3626 cum
231 3583 371 3646 regnum
388 3566 582 3644 adfectaret,
600 3566 751 3651 proditio,
769 3588 834 3652 qua
853 3567 924 3632 sola
945 3568 979 3632 id
1001 3570 1139 3652 adsequi

78 3682 105 3721 ro
125 3675 271 3744 poterat,
291 3669 488 3741 timebatur.

57 3833 80 3872 7⁶
94 3823 289 3895 “epffinj'mffi
319 3847 355 3887 ι5·
371 3841 816 3897 9²⁰t¹¹⁵<ssspatl⁵001l›⁸t²'l¹⁴lafita·
845 3851 882 3890 η.
890 3830 978 3874 haub-
987 3851 996 3864 ·
1005 3807 1224 3909 -tsswssxtfffiuw

172 3899 198 3929 ¹¹¹
206 3895 309 3939 ’‘eund‘’
318 3902 406 3958 gradu,
417 3906 447 3950 in
457 3921 473 3951 a
483 3908 655 3955 subordinate
667 3908 776 3952 station.
826 3915 868 3955 aq-
878 3880 1117 3940 &tt-mbffim
