2476 4036
320 179 548 245 Historiarum
571 180 757 245 Alexandri
775 181 799 243 J
805 182 837 255 V,
864 198 892 255 2,
922 197 950 261 3.
1093 195 1134 262 45

133 363 313 447 cepissent,
338 365 492 429 celeriter
513 367 555 430 ad
577 366 699 430 molem
723 365 906 430 successit:
936 374 1008 428 tum
1040 384 1137 445 prora
1156 382 1171 434 3

134 470 207 534 eius
230 490 373 538 accensa
395 469 538 552 remiges
561 470 725 534 desiluere
747 470 782 532 in
806 470 955 552 scaphas,
980 488 1065 550 quae
1096 468 1138 531 ad

133 575 198 638 hoc
224 573 335 656 ipsum
361 583 576 656 praeparatae
607 575 838 656 sequebantur.
888 573 993 636 Navis
1024 581 1137 636 autem

134 679 213 761 igne
229 687 392 759 concepto
408 678 507 742 latius
522 677 664 741 fundere
686 678 876 741 incendium
901 675 1020 758 coepit,
1039 676 1137 758 quod,

95 801 108 842 s
134 781 327 865 priusquam
348 791 463 865 posset
488 781 625 857 occurri,
647 791 756 845 turres
781 791 815 845 et
840 791 952 845 cetera
977 800 1079 863 opera
1102 780 1136 843 in

134 886 243 969 capite
256 886 353 950 molis
369 887 479 968 posita
495 886 747 968 conprehendit.
792 885 915 969 Atqui
932 885 1136 949 desiluerant
1153 898 1172 948 4

134 989 168 1053 in
184 1010 286 1072 parva
303 990 443 1073 navigia,
459 989 552 1053 faces
569 999 603 1052 et
619 990 777 1073 quidquid
800 990 919 1053 alendo
935 988 1005 1071 igni
1021 998 1136 1071 aptum

134 1102 206 1157 erat
228 1093 263 1157 in
286 1095 402 1157 eadem
425 1114 526 1176 opera
551 1093 717 1176 ingerunt.
777 1095 914 1176 Iamque
941 1113 1010 1155 non
1037 1094 1138 1156 modo

134 1198 222 1261 imae
244 1187 467 1261 Macedonum
491 1207 609 1273 turreS,
628 1198 687 1261 sed
710 1197 810 1261 etiam
834 1217 964 1261 summa
985 1197 1138 1260 tabulata

82 1323 108 1364 ιο
134 1312 357 1383 conceperant
387 1301 509 1384 ignem,
537 1323 613 1366 cum
644 1301 676 1377 ii,
705 1301 762 1385 qui
791 1301 825 1364 in
855 1301 1002 1365 turribus
1029 1310 1134 1377 erant,

133 1405 255 1488 partim
271 1400 482 1469 haurirentur
497 1405 660 1481 incendi0‚
678 1405 799 1488 partim
822 1405 922 1468 armis
945 1405 1077 1469 omissis
1101 1405 1135 1468 in

133 1528 226 1572 mare
239 1518 345 1572 semet
357 1509 420 1590 ipsi
432 1509 651 1574 inmitterent.
691 1509 741 1572 At
753 1508 857 1593 Tyrii,
872 1509 928 1590 qui
944 1529 1062 1591 capere
1078 1530 1135 1573 eos
1153 1521 1169 1576 5

134 1633 233 1696 quam
249 1612 437 1676 interficere
453 1613 598 1689 mallent,
617 1612 805 1677 natantium
822 1633 941 1677 manus
964 1613 1136 1695 stipitibus

135 1716 288 1798 saxisque
311 1715 511 1791 lacerabant,
529 1717 635 1780 donec
659 1716 822 1781 debilitati
845 1716 971 1799 inpune
994 1716 1135 1798 navigiis

80 1843 108 1885 ιι
135 1820 240 1901 excipi
254 1829 400 1902 possent.
444 1820 516 1884 Nec
528 1819 683 1884 incendio
696 1821 802 1884 solum
816 1841 916 1903 opera
927 1830 1133 1901 consumpta,
1153 1838 1171 1888 6

135 1925 194 1988 sed
217 1924 304 1988 forte
328 1925 444 1988 eodem
468 1925 521 1988 die
543 1925 775 1988 vehementior
796 1934 919 1988 ventus
942 1934 1070 1987 motum
1095 1945 1136 1986 ex

134 2028 299 2111 profundo
314 2048 406 2091 mare
422 2029 527 2092 inlisit
550 2027 585 2091 in
608 2029 739 2104 molem,
764 2028 954 2110 crebrisque
977 2027 1135 2091 fluctibus

135 2152 302 2216 conpages
319 2132 428 2214 operis
443 2134 636 2196 verberatae
654 2133 805 2196 laxavere
820 2154 856 2195 se
871 2152 1014 2214 saxaque
1037 2131 1135 2194 inter-

134 2238 243 2301 fluens
273 2238 363 2300 unda
393 2237 538 2301 medium
570 2257 654 2318 opus
685 2236 783 2317 rupit.
847 2235 995 2299 Prorutis
1033 2235 1170 2318 igitur7

81 2364 109 2405 no
134 2341 279 2424 lapidum
307 2340 458 2416 cumulis,
487 2341 607 2424 quibus
634 2339 755 2403 iniecta
779 2349 870 2402 terra
896 2338 1133 2413 sustinebatur,

134 2465 294 2528 praeceps
311 2444 344 2507 in
367 2445 570 2527 profundum
587 2444 662 2519 ruit,
681 2453 861 2526 tantaeque
883 2443 982 2506 molis
998 2442 1052 2505 vix
1068 2443 1136 2506 ulla

83 2545 120 2608 13
134 2549 277 2632 vestigia
306 2548 434 2612 invenit
472 2548 599 2612 Arabia
629 2547 761 2611 rediens
793 2547 993 2611 Alexander.
1056 2546 1132 2622 Hic,

134 2654 222 2737 quod
238 2652 272 2716 in
288 2653 443 2733 adversis
458 2653 558 2717 rebus
575 2651 659 2716 solet
682 2651 762 2727 fieri,
779 2650 864 2714 alius
886 2649 921 2713 in
944 2649 1045 2714 alium
1069 2650 1136 2714 cul·
1182 2701 1184 2706 Α

134 2778 211 2841 pam
227 2758 428 2834 referebant,
446 2777 521 2821 cum
545 2776 662 2819 omnes
677 2755 789 2819 verius
808 2756 849 2817 de
873 2754 1011 2818 saevitia
1033 2754 1134 2818 maris

81 2884 109 2926 rt
134 2861 228 2945 queri
257 2870 405 2943 possent.
469 2861 543 2924 Rex
573 2859 649 2923 novi
679 2859 789 2941 operis
819 2858 940 2922 molem
972 2878 1068 2921 orsus
1099 2857 1171 2924 in8

134 2967 308 3031 adversum
323 2975 461 3028 ventum
479 2986 547 3028 non
563 2963 675 3040 latere,
693 2965 752 3028 sed
766 2972 860 3027 recta
869 2961 981 3026 fronte
996 2961 1134 3026 direxit:

134 3090 173 3134 ea
189 3079 300 3134 cetera
315 3088 416 3150 opera
430 3069 522 3131 velut
538 3069 601 3132 sub
617 3068 689 3150 ipsa
711 3066 851 3131 latentia
866 3066 1041 3130 tuebatur:
1064 3066 1135 3129 lati-

134 3174 284 3238 tudinem
310 3193 442 3256 quoque
467 3171 582 3256 aggeri
606 3171 736 3246 adiecit,
764 3179 801 3234 ut
828 3179 937 3233 turres
963 3167 997 3232 ln
1023 3169 1134 3233 medio

134 3277 297 3343 excitatae
320 3275 434 3360 procul
464 3275 523 3340 teli
554 3275 642 3339 iactu
672 3275 839 3338 abessent.
885 3274 990 3337 Totas
1021 3282 1169 3344 autem9

81 3405 109 3448 u
133 3383 268 3446 arbores
298 3401 374 3445 cum
406 3380 600 3463 ingentibus
630 3378 730 3443 ramis
757 3378 792 3441 in
822 3378 925 3441 altum
957 3375 1131 3452 iaciebant,

133 3484 254 3550 deinde
270 3484 357 3568 saxis
373 3485 556 3547 onerabant
572 3501 752 3565 rursusque
767 3481 898 3545 cumulo
921 3500 1036 3544 eorum
1052 3479 1132 3543 alias

131 3588 267 3652 arbores
288 3586 488 3668 -iniciebant,
513 3597 587 3653 tum
613 3587 741 3651 burnus
763 3584 988 3670 aggerebatur
995 3604 1013 3645 ·.
1036 3602 1140 3658 mee

55 3778 301 3835 stmffibulm,
311 3783 352 3827 tte
361 3785 461 3842 highest
470 3791 570 3834 stories.
613 3771 960 3843 13.sddunoe,wttneienx.
994 3746 1231 3833 tbfffiwdffl

175 3851 177 3855 ⁷
251 3858 290 3901 ²7·
307 3849 373 3894 ”¹¹¹²
383 3853 428 3896 ⁸¹¹b
439 3853 493 3910 ipsa
500 3854 614 3910 larentia,
623 3855 705 3910 lyr'ng,
714 3865 742 3895 os
752 3851 776 3894 tt
784 3856 868 3894 were,
875 3841 934 3914 close
941 3827 1029 3911 ‚imi
1038 3824 1071 3861 et·
