2476 4036
318 178 546 261 [sutoriam
568 195 754 260 Alexandri
772 197 834 274 JV,
863 215 909 272 11,
940 214 985 262 12.
1120 211 1162 278 77

163 403 218 446 sas
243 381 362 445 deinde
389 401 465 444 cum
493 381 620 445 Mardis
648 380 891 465 Sogdianisque
917 380 1161 445 Ariobarzanes

163 497 198 549 et
229 486 457 550 Orontobates
488 486 663 548 ducebant.
717 485 771 547 Illi
802 485 952 567 partibus
983 485 1159 567 copiarum,
1196 501 1211 551 8

162 610 312 653 summae
330 589 470 654 Orsines
493 598 653 671 praeerat,
669 609 689 652 a
705 598 836 671 septem
861 589 969 652 Persis
992 589 1159 665 oriundus,

162 696 203 758 ad
221 693 345 778 Cyrum
361 713 500 776 quoque,
521 692 763 756 nobilissimum
787 712 909 775 regem,
923 692 1085 775 originem
1109 695 1161 757 sui

124 815 137 853 ⁶
163 799 320 861 referens.
378 798 453 860 Hos
475 796 558 859 aliae
581 806 710 878 gentes,
735 816 777 859 ne
801 797 899 860 sociis
922 797 1055 878 quidem
1080 798 1161 860 satis
1195 815 1212 864 9

162 911 272 977 notae,
286 902 519 984 sequebantur.
563 901 642 963 Post
658 920 740 983 quas
753 919 775 963 1.
787 900 963 983 quadrigas
981 900 1161 964 Phradates

162 1026 284 1088 magno
301 1005 498 1087 Caspiorum
517 1005 650 1087 agmine
672 1005 900 1068 antecedebat.
949 1005 1025 1068 Indi
1048 1006 1162 1069 ceteri·

162 1129 226 1192 que
243 1109 333 1172 rubri
348 1108 447 1171 maris
463 1108 603 1184 accolae,
621 1108 756 1171 nomina
776 1107 887 1171 verius
909 1129 1008 1191 quam
1031 1109 1159 1183 auxilia,

161 1223 238 1296 post
255 1233 370 1277 currus
386 1222 489 1276 erant.
536 1211 765 1276 Claudebatur
779 1212 843 1275 boc
866 1232 987 1294 agmen
1009 1212 1082 1276 aliis
1104 1213 1161 1276 fal·
1181 1243 1212 1278 10

111 1335 137 1374 ro
163 1317 245 1381 catis
267 1316 427 1392 curribuS,
452 1315 526 1399 quis
549 1315 762 1398 peregrinum
789 1315 928 1378 militem
955 1316 1158 1381 adiunxerat.

163 1421 265 1484 Hunc
293 1419 454 1495 Armenii,
483 1439 566 1503 quos
597 1420 742 1482 minores
772 1418 951 1501 appellant,
979 1419 1160 1484 Armenios

162 1523 346 1609 Babylonii,
371 1533 529 1607 utrosque
553 1523 679 1586 Belitae
702 1532 736 1585 et
760 1523 816 1606 qui
839 1533 972 1586 montes
1003 1523 1161 1587 Cossaeo

160 1649 235 1692 rum
248 1627 437 1691 incolebant
451 1628 681 1710 sequebantur.
724 1627 803 1690 Post
815 1627 875 1689 hos
892 1626 985 1690 ibant
1002 1627 1159 1704 Gortuae,
1180 1658 1208 1695 11

162 1731 273 1815 gentis
290 1732 423 1815 quidem
441 1731 618 1806 Euboicae,
637 1731 755 1794 Medos
777 1732 942 1813 quondam
968 1732 1083 1807 secuti,
1101 1734 1160 1795 sed

111 1857 137 1896 rs
162 1836 226 1900 iam
254 1837 436 1918 degeneres
461 1845 496 1897 et
522 1834 621 1916 patrii
648 1834 749 1897 moris
777 1834 892 1917 ignari.
943 1834 1160 1917 Adplicuerat

162 1939 213 2003 his
227 1940 375 2024 Phrygas
392 1948 425 2002 et
443 1939 617 2002 Cataonas.
659 1938 916 2022 Parthyaeorum
930 1938 1049 2002 deinde
1065 1960 1159 2021 gens,

162 2044 378 2108 incolentium
395 2052 509 2118 terras,
527 2064 608 2126 quas
624 2063 714 2106 nunc
732 2043 844 2106 Parthi
862 2043 999 2127 Scythia
1019 2043 1161 2125 profecti

161 2157 289 2224 tenent,
322 2130 521 2211 claudebant
551 2167 682 2229 agmen.
745 2148 842 2210 Haec
878 2147 1003 2210 sinistri
1040 2168 1161 2211 cornus
1182 2173 1212 2211 12

151 2252 265 2336 facies
280 2249 352 2316 fuit.
400 2252 565 2314 Dextrum
589 2254 750 2315 tenebant
774 2251 866 2315 natio
889 2251 1022 2315 maioris
1045 2251 1163 2315 Arme-

111 2377 137 2419 ao
162 2355 236 2420 niae
253 2356 453 2438 Cadusiique
470 2366 504 2420 et
521 2356 735 2439 Cappadoces
751 2366 785 2420 et
803 2356 932 2441 Syriae
949 2356 1049 2420 Medi.
1095 2357 1161 2420 His

161 2481 293 2544 quoque
308 2461 422 2524 falcati
446 2481 561 2525 currus
582 2481 604 2524 L
625 2471 728 2526 erant.
778 2461 916 2525 Summa
942 2461 1046 2524 totius
1074 2480 1212 2539 exer-13

162 2565 257 2640 citus,
290 2566 419 2650 equites
449 2586 520 2631 xcv
549 2568 647 2643 milia,
680 2568 845 2650 pedestris
876 2568 966 2632 acies
996 2587 1041 2632 oc
1072 2568 1162 2630 milia

161 2669 359 2752 expleverat.
408 2672 485 2734 Hoc
501 2672 599 2734 modo
622 2672 777 2736 instructi
801 2691 823 2735 x
848 2672 956 2736 stadia
977 2673 1161 2754 procedunt

162 2774 309 2857 iussique
325 2775 507 2839 subsistere
522 2776 640 2839 armati
656 2777 787 2840 hostem
803 2777 1032 2859 expectabant.

111 2884 148 2945 46
206 2877 388 2942 Alexandri
411 2880 591 2943 exercitum
617 2900 727 2962 pavor,
753 2881 847 2945 cuius
871 2901 970 2946 causa
992 2899 1060 2943 non
1088 2880 1213 2957 sub-14

111 3005 137 3045 ω
163 2991 243 3058 erat,
275 2982 416 3047 invasit:
446 2984 568 3065 quippe
590 2983 753 3069 lymphati
784 2985 950 3066 trepidare
980 2993 1162 3066 coeperunt

162 3086 310 3149 omnium
323 3096 458 3168 pectora
470 3087 600 3151 occulto
617 3098 708 3151 metu
724 3098 945 3171 percurrente.
995 3088 1086 3152 Caeli
1102 3088 1162 3150 ful-

162 3210 223 3273 gor
238 3199 388 3271 tempore
405 3190 532 3254 aestivo
556 3191 686 3255 ardenti
710 3192 827 3255 similis
851 3192 1050 3255 internitens
1074 3192 1161 3274 ignis

162 3293 314 3376 praebuit
331 3293 486 3376 speciem,
504 3294 720 3378 flammasque
737 3316 776 3358 ex
792 3296 894 3359 Darei
913 3296 1031 3359 castris
1056 3296 1163 3377 splen-

111 3423 137 3464 oo
162 3399 250 3472 dere,
263 3395 355 3460 velut
368 3397 461 3460 inlati
472 3407 598 3461 temere
611 3398 792 3480 praesidiis,
807 3400 995 3464 credebant.
1033 3398 1162 3481 Quodsi
1182 3421 1211 3476 ¹5

162 3501 323 3583 perculsis
340 3501 505 3577 Mazaeus,
519 3502 575 3584 qui
592 3502 801 3584 praesidebat
818 3503 938 3580 itineri,
956 3502 1164 3583 supervenis-

162 3614 224 3680 set,
238 3604 358 3688 ingens
371 3605 482 3670 clades
494 3606 601 3691 accipi
612 3607 746 3691 potuit:
764 3628 871 3681 nunc,
883 3607 969 3667 dum
977 3605 1042 3664 ’she
1051 3605 1176 3676 seqxx'xs

96 3805 118 3846 3·
132 3792 248 3851 oriundus,
257 3798 402 3851 descended.
435 3805 472 3849 26.
486 3803 613 3861 lymphati,
621 3799 829 3858 partic-strichen.
862 3793 899 3834 aa.
908 3760 1230 3828 &normanushzainzw

494 3886 532 3929 3¹·
546 3869 675 3928 perculsis,
685 3855 912 3912 carros-strichen.
