<?xml version="1.0" encoding="UTF-8"?>
<!DOCTYPE html PUBLIC "-//W3C//DTD XHTML 1.0 Transitional//EN"
    "http://www.w3.org/TR/xhtml1/DTD/xhtml1-transitional.dtd">
<html xmlns="http://www.w3.org/1999/xhtml" xml:lang="en" lang="en">
 <head>
  <title>
</title>
<meta http-equiv="Content-Type" content="text/html;charset=utf-8" />
  <meta name='ocr-system' content='tesseract 3.04.00' />
  <meta name='ocr-capabilities' content='ocr_page ocr_carea ocr_par ocr_line ocrx_word'/>
</head>
<body>
  <div class='ocr_page' id='page_1' title='image "./qcurtirufihisto03rufugoog_0077.png"; bbox 0 0 2476 4036; ppageno 0'>
   <div class='ocr_carea' id='block_1_1' title="bbox 118 172 751 258">
    <p class='ocr_par' dir='ltr' id='par_1_1' title="bbox 118 172 751 258">
     <span class='ocr_line' id='line_1_1' title="bbox 118 172 751 258; baseline 0 -22"><span class='ocrx_word' id='word_1_1' title='bbox 118 174 158 253; x_wconf 80' lang='lat'>58</span> <span class='ocrx_word' id='word_1_2' title='bbox 260 232 262 236; x_wconf 72' lang='grc'><strong>,</strong></span> <span class='ocrx_word' id='word_1_3' title='bbox 486 173 523 253; x_wconf 82' lang='lat' dir='ltr'>Q.</span> <span class='ocrx_word' id='word_1_4' title='bbox 551 172 647 239; x_wconf 73' lang='lat' dir='ltr'>cum·</span> <span class='ocrx_word' id='word_1_5' title='bbox 666 175 751 258; x_wconf 70' lang='lat' dir='ltr'>Rufi</span> 
     </span>
    </p>
   </div>
   <div class='ocr_carea' id='block_1_2' title="bbox 27 356 1168 3655">
    <p class='ocr_par' dir='ltr' id='par_1_2' title="bbox 27 356 1168 3655">
     <span class='ocr_line' id='line_1_2' title="bbox 116 356 1119 440; baseline 0.002 -20"><span class='ocrx_word' id='word_1_6' title='bbox 116 357 214 440; x_wconf 90' lang='lat' dir='ltr'>signa</span> <span class='ocrx_word' id='word_1_7' title='bbox 227 357 280 420; x_wconf 89' lang='lat' dir='ltr'>vel</span> <span class='ocrx_word' id='word_1_8' title='bbox 295 357 504 421; x_wconf 91' lang='lat' dir='ltr'>dissimulato</span> <span class='ocrx_word' id='word_1_9' title='bbox 520 359 571 421; x_wconf 91' lang='lat' dir='ltr'>vel</span> <span class='ocrx_word' id='word_1_10' title='bbox 587 357 676 422; x_wconf 89' lang='lat' dir='ltr'>victo</span> <span class='ocrx_word' id='word_1_11' title='bbox 692 357 805 421; x_wconf 90' lang='lat' dir='ltr'>dolore</span> <span class='ocrx_word' id='word_1_12' title='bbox 820 356 1022 440; x_wconf 82' lang='lat' dir='ltr'>perstiterat,</span> <span class='ocrx_word' id='word_1_13' title='bbox 1042 377 1119 422; x_wconf 92' lang='lat' dir='ltr'>cum</span> 
     </span>
     <span class='ocr_line' id='line_1_3' title="bbox 116 455 1121 544; baseline 0.001 -20"><span class='ocrx_word' id='word_1_14' title='bbox 116 455 292 543; x_wconf 90' lang='lat' dir='ltr'>supressus</span> <span class='ocrx_word' id='word_1_15' title='bbox 319 461 417 542; x_wconf 90' lang='lat' dir='ltr'>paulo</span> <span class='ocrx_word' id='word_1_16' title='bbox 440 471 519 524; x_wconf 88' lang='lat' dir='ltr'>ante</span> <span class='ocrx_word' id='word_1_17' title='bbox 544 462 682 544; x_wconf 89' lang='lat' dir='ltr'>sanguis</span> <span class='ocrx_word' id='word_1_18' title='bbox 706 461 960 536; x_wconf 89' lang='lat' dir='ltr'>medicamento,</span> <span class='ocrx_word' id='word_1_19' title='bbox 983 481 1051 544; x_wconf 94' lang='lat' dir='ltr'>quo</span> <span class='ocrx_word' id='word_1_20' title='bbox 1073 482 1121 526; x_wconf 91' lang='lat' dir='ltr'>re-</span> 
     </span>
     <span class='ocr_line' id='line_1_4' title="bbox 114 565 1120 648; baseline 0.002 -21"><span class='ocrx_word' id='word_1_21' title='bbox 114 572 231 628; x_wconf 91' lang='lat' dir='ltr'>tentus</span> <span class='ocrx_word' id='word_1_22' title='bbox 255 574 336 640; x_wconf 91' lang='lat' dir='ltr'>erat,</span> <span class='ocrx_word' id='word_1_23' title='bbox 361 585 495 628; x_wconf 87' lang='lat' dir='ltr'>manare</span> <span class='ocrx_word' id='word_1_24' title='bbox 522 565 645 647; x_wconf 88' lang='lat' dir='ltr'>largius</span> <span class='ocrx_word' id='word_1_25' title='bbox 672 565 791 646; x_wconf 92' lang='lat' dir='ltr'>coepit,</span> <span class='ocrx_word' id='word_1_26' title='bbox 814 574 846 627; x_wconf 89' lang='lat' dir='ltr'>et</span> <span class='ocrx_word' id='word_1_27' title='bbox 871 565 1001 640; x_wconf 92' lang='lat' dir='ltr'>vulnus,</span> <span class='ocrx_word' id='word_1_28' title='bbox 1028 566 1120 648; x_wconf 94' lang='lat' dir='ltr'>quod</span> 
     </span>
     <span class='ocr_line' id='line_1_5' title="bbox 114 667 1119 752; baseline 0.002 -21"><span class='ocrx_word' id='word_1_29' title='bbox 114 668 234 751; x_wconf 87' lang='lat' dir='ltr'>tepens</span> <span class='ocrx_word' id='word_1_30' title='bbox 250 669 358 732; x_wconf 94' lang='lat' dir='ltr'>adhuc</span> <span class='ocrx_word' id='word_1_31' title='bbox 374 669 520 731; x_wconf 90' lang='lat' dir='ltr'>dolorem</span> <span class='ocrx_word' id='word_1_32' title='bbox 538 688 604 731; x_wconf 92' lang='lat' dir='ltr'>non</span> <span class='ocrx_word' id='word_1_33' title='bbox 621 678 778 744; x_wconf 89' lang='lat' dir='ltr'>moverat,</span> <span class='ocrx_word' id='word_1_34' title='bbox 790 667 935 751; x_wconf 82' lang='lat' dir='ltr'>frigente</span> <span class='ocrx_word' id='word_1_35' title='bbox 952 671 1119 752; x_wconf 86' lang='lat' dir='ltr'>sanguine</span> 
     </span>
     <span class='ocr_line' id='line_1_6' title="bbox 66 754 1167 856; baseline -0.004 -18"><span class='ocrx_word' id='word_1_36' title='bbox 66 801 99 838; x_wconf 82' lang='lat'>20</span> <span class='ocrx_word' id='word_1_37' title='bbox 115 754 282 836; x_wconf 87' lang='lat' dir='ltr'>intumuit.</span> <span class='ocrx_word' id='word_1_38' title='bbox 331 772 454 855; x_wconf 90' lang='lat' dir='ltr'>Linqui</span> <span class='ocrx_word' id='word_1_39' title='bbox 484 772 605 835; x_wconf 89' lang='lat' dir='ltr'>deinde</span> <span class='ocrx_word' id='word_1_40' title='bbox 635 772 747 835; x_wconf 88' lang='lat' dir='ltr'>animo</span> <span class='ocrx_word' id='word_1_41' title='bbox 777 782 811 834; x_wconf 96' lang='lat' dir='ltr'>et</span> <span class='ocrx_word' id='word_1_42' title='bbox 842 772 995 836; x_wconf 87' lang='lat' dir='ltr'>submitti</span> <span class='ocrx_word' id='word_1_43' title='bbox 1025 794 1118 856; x_wconf 87' lang='lat' dir='ltr'>genu</span> <span class='ocrx_word' id='word_1_44' title='bbox 1155 793 1167 834; x_wconf 76' lang='lat' dir='ltr'>s</span> 
     </span>
     <span class='ocr_line' id='line_1_7' title="bbox 115 875 1115 960; baseline 0.003 -21"><span class='ocrx_word' id='word_1_45' title='bbox 115 876 244 957; x_wconf 89' lang='lat' dir='ltr'>coepit:</span> <span class='ocrx_word' id='word_1_46' title='bbox 267 895 365 959; x_wconf 93' lang='lat' dir='ltr'>quem</span> <span class='ocrx_word' id='word_1_47' title='bbox 382 875 523 957; x_wconf 89' lang='lat' dir='ltr'>proximi</span> <span class='ocrx_word' id='word_1_48' title='bbox 538 885 713 957; x_wconf 89' lang='lat' dir='ltr'>exceptum</span> <span class='ocrx_word' id='word_1_49' title='bbox 731 875 765 938; x_wconf 94' lang='lat' dir='ltr'>in</span> <span class='ocrx_word' id='word_1_50' title='bbox 778 885 888 939; x_wconf 86' lang='lat' dir='ltr'>castra</span> <span class='ocrx_word' id='word_1_51' title='bbox 905 889 1115 960; x_wconf 86' lang='lat' dir='ltr'>receperunt.</span> 
     </span>
     <span class='ocr_line' id='line_1_8' title="bbox 116 961 1118 1065; baseline 0.003 -22"><span class='ocrx_word' id='word_1_52' title='bbox 116 977 161 1043; x_wconf 88' lang='lat' dir='ltr'>Et</span> <span class='ocrx_word' id='word_1_53' title='bbox 175 961 270 1043; x_wconf 81' lang='lat' dir='ltr'>Betis</span> <span class='ocrx_word' id='word_1_54' title='bbox 285 979 499 1043; x_wconf 79' lang='lat' dir='ltr'>interfectum</span> <span class='ocrx_word' id='word_1_55' title='bbox 516 990 608 1043; x_wconf 90' lang='lat' dir='ltr'>ratus</span> <span class='ocrx_word' id='word_1_56' title='bbox 624 980 740 1042; x_wconf 89' lang='lat' dir='ltr'>urbem</span> <span class='ocrx_word' id='word_1_57' title='bbox 757 1000 860 1044; x_wconf 88' lang='lat' dir='ltr'>ovans</span> <span class='ocrx_word' id='word_1_58' title='bbox 871 981 1010 1045; x_wconf 89' lang='lat' dir='ltr'>victoria</span> <span class='ocrx_word' id='word_1_59' title='bbox 1026 1003 1118 1065; x_wconf 88' lang='lat' dir='ltr'>repe·</span> 
     </span>
     <span class='ocr_line' id='line_1_9' title="bbox 65 1083 1167 1170; baseline 0.003 -23"><span class='ocrx_word' id='word_1_60' title='bbox 65 1110 101 1168; x_wconf 84' lang='lat'>21¹</span> <span class='ocrx_word' id='word_1_61' title='bbox 114 1084 164 1147; x_wconf 92' lang='lat' dir='ltr'>tit.</span> <span class='ocrx_word' id='word_1_62' title='bbox 211 1083 261 1146; x_wconf 88' lang='lat' dir='ltr'>At</span> <span class='ocrx_word' id='word_1_63' title='bbox 282 1083 477 1147; x_wconf 88' lang='lat' dir='ltr'>Alexander</span> <span class='ocrx_word' id='word_1_64' title='bbox 501 1084 648 1146; x_wconf 92' lang='lat' dir='ltr'>nondum</span> <span class='ocrx_word' id='word_1_65' title='bbox 671 1094 847 1165; x_wconf 87' lang='lat' dir='ltr'>percurato</span> <span class='ocrx_word' id='word_1_66' title='bbox 862 1084 999 1149; x_wconf 89' lang='lat' dir='ltr'>vulnere</span> <span class='ocrx_word' id='word_1_67' title='bbox 1018 1107 1117 1170; x_wconf 87' lang='lat' dir='ltr'>agge·</span> <span class='ocrx_word' id='word_1_68' title='bbox 1130 1093 1167 1157; x_wconf 77' lang='lat'>28</span> 
     </span>
     <span class='ocr_line' id='line_1_10' title="bbox 27 1184 1115 1272; baseline 0.005 -23"><span class='ocrx_word' id='word_1_69' title='bbox 27 1184 35 1219; x_wconf 75' lang='lat'>³⁷</span> <span class='ocrx_word' id='word_1_70' title='bbox 114 1189 193 1262; x_wconf 74' lang='lat' dir='ltr'>rem,</span> <span class='ocrx_word' id='word_1_71' title='bbox 218 1207 284 1270; x_wconf 94' lang='lat' dir='ltr'>quo</span> <span class='ocrx_word' id='word_1_72' title='bbox 313 1187 482 1251; x_wconf 93' lang='lat' dir='ltr'>moenium</span> <span class='ocrx_word' id='word_1_73' title='bbox 514 1188 724 1251; x_wconf 90' lang='lat' dir='ltr'>altitudinem</span> <span class='ocrx_word' id='word_1_74' title='bbox 756 1199 921 1272; x_wconf 90' lang='lat' dir='ltr'>aequaret,</span> <span class='ocrx_word' id='word_1_75' title='bbox 951 1191 1115 1255; x_wconf 87' lang='lat' dir='ltr'>exstruxit</span> 
     </span>
     <span class='ocr_line' id='line_1_11' title="bbox 64 1291 1168 1376; baseline 0.004 -20"><span class='ocrx_word' id='word_1_76' title='bbox 64 1320 97 1356; x_wconf 87' lang='lat'>22</span> <span class='ocrx_word' id='word_1_77' title='bbox 114 1291 329 1374; x_wconf 86' lang='lat' dir='ltr'>pluribusque</span> <span class='ocrx_word' id='word_1_78' title='bbox 345 1292 506 1356; x_wconf 91' lang='lat' dir='ltr'>cuniculis</span> <span class='ocrx_word' id='word_1_79' title='bbox 522 1312 633 1355; x_wconf 89' lang='lat' dir='ltr'>muros</span> <span class='ocrx_word' id='word_1_80' title='bbox 655 1293 769 1356; x_wconf 93' lang='lat' dir='ltr'>subrui</span> <span class='ocrx_word' id='word_1_81' title='bbox 792 1293 896 1357; x_wconf 91' lang='lat' dir='ltr'>iussit.</span> <span class='ocrx_word' id='word_1_82' title='bbox 946 1294 1116 1376; x_wconf 88' lang='lat' dir='ltr'>Oppidani</span> <span class='ocrx_word' id='word_1_83' title='bbox 1142 1312 1168 1352; x_wconf 82' lang='lat'>1⁰</span> 
     </span>
     <span class='ocr_line' id='line_1_12' title="bbox 113 1395 1116 1478; baseline 0.007 -21"><span class='ocrx_word' id='word_1_84' title='bbox 113 1396 154 1458; x_wconf 88' lang='lat' dir='ltr'>ad</span> <span class='ocrx_word' id='word_1_85' title='bbox 179 1395 356 1476; x_wconf 91' lang='lat' dir='ltr'>pristinum</span> <span class='ocrx_word' id='word_1_86' title='bbox 380 1395 551 1478; x_wconf 84' lang='lat' dir='ltr'>fastigium</span> <span class='ocrx_word' id='word_1_87' title='bbox 577 1396 745 1459; x_wconf 92' lang='lat' dir='ltr'>moenium</span> <span class='ocrx_word' id='word_1_88' title='bbox 773 1418 895 1460; x_wconf 92' lang='lat' dir='ltr'>novum</span> <span class='ocrx_word' id='word_1_89' title='bbox 922 1409 1116 1464; x_wconf 87' lang='lat' dir='ltr'>exstruxere</span> 
     </span>
     <span class='ocr_line' id='line_1_13' title="bbox 27 1483 1115 1586; baseline 0.006 -25"><span class='ocrx_word' id='word_1_90' title='bbox 27 1504 37 1551; x_wconf 72' lang='lat' dir='ltr'>t-</span> <span class='ocrx_word' id='word_1_91' title='bbox 82 1536 88 1547; x_wconf 49' lang='grc' dir='ltr'><em>ν</em></span> <span class='ocrx_word' id='word_1_92' title='bbox 112 1483 367 1575; x_wconf 83' lang='lat' dir='ltr'>munimentum,</span> <span class='ocrx_word' id='word_1_93' title='bbox 381 1501 441 1563; x_wconf 90' lang='lat' dir='ltr'>sed</span> <span class='ocrx_word' id='word_1_94' title='bbox 451 1519 494 1562; x_wconf 91' lang='lat' dir='ltr'>ne</span> <span class='ocrx_word' id='word_1_95' title='bbox 504 1499 536 1562; x_wconf 92' lang='lat' dir='ltr'>id</span> <span class='ocrx_word' id='word_1_96' title='bbox 553 1500 687 1582; x_wconf 92' lang='lat' dir='ltr'>quidem</span> <span class='ocrx_word' id='word_1_97' title='bbox 699 1510 809 1564; x_wconf 89' lang='lat' dir='ltr'>turres</span> <span class='ocrx_word' id='word_1_98' title='bbox 821 1503 935 1585; x_wconf 88' lang='lat' dir='ltr'>aggeri</span> <span class='ocrx_word' id='word_1_99' title='bbox 951 1503 1115 1586; x_wconf 88' lang='lat' dir='ltr'>inpositas</span> 
     </span>
     <span class='ocr_line' id='line_1_14' title="bbox 108 1603 1116 1688; baseline 0.008 -24"><span class='ocrx_word' id='word_1_100' title='bbox 108 1611 243 1684; x_wconf 52' lang='lat' dir='ltr'>&gt;poterat</span> <span class='ocrx_word' id='word_1_101' title='bbox 259 1622 408 1685; x_wconf 87' lang='lat' dir='ltr'>aequare.</span> <span class='ocrx_word' id='word_1_102' title='bbox 436 1603 553 1686; x_wconf 88' lang='lat' dir='ltr'>Itaque</span> <span class='ocrx_word' id='word_1_103' title='bbox 568 1603 727 1667; x_wconf 91' lang='lat' dir='ltr'>interiora</span> <span class='ocrx_word' id='word_1_104' title='bbox 742 1625 873 1688; x_wconf 89' lang='lat' dir='ltr'>quoque</span> <span class='ocrx_word' id='word_1_105' title='bbox 883 1607 974 1670; x_wconf 91' lang='lat' dir='ltr'>urbis</span> <span class='ocrx_word' id='word_1_106' title='bbox 990 1607 1116 1672; x_wconf 81' lang='lat' dir='ltr'>infesta</span> 
     </span>
     <span class='ocr_line' id='line_1_15' title="bbox 49 1687 1115 1788; baseline 0.009 -23"><span class='ocrx_word' id='word_1_107' title='bbox 49 1687 55 1717; x_wconf 75' lang='lat'><strong><em>⁵</em></strong></span> <span class='ocrx_word' id='word_1_108' title='bbox 63 1720 96 1779; x_wconf 83' lang='lat'>23</span> <span class='ocrx_word' id='word_1_109' title='bbox 111 1705 189 1769; x_wconf 90' lang='lat' dir='ltr'>telis</span> <span class='ocrx_word' id='word_1_110' title='bbox 205 1716 308 1770; x_wconf 91' lang='lat' dir='ltr'>erant.</span> <span class='ocrx_word' id='word_1_111' title='bbox 335 1706 465 1770; x_wconf 89' lang='lat' dir='ltr'>Ultima</span> <span class='ocrx_word' id='word_1_112' title='bbox 476 1706 581 1788; x_wconf 91' lang='lat' dir='ltr'>pestis</span> <span class='ocrx_word' id='word_1_113' title='bbox 598 1708 690 1771; x_wconf 92' lang='lat' dir='ltr'>urbis</span> <span class='ocrx_word' id='word_1_114' title='bbox 705 1707 769 1771; x_wconf 82' lang='lat' dir='ltr'>fuit</span> <span class='ocrx_word' id='word_1_115' title='bbox 787 1709 939 1773; x_wconf 91' lang='lat' dir='ltr'>cuniculo</span> <span class='ocrx_word' id='word_1_116' title='bbox 953 1712 1115 1776; x_wconf 86' lang='lat' dir='ltr'>subrutus</span> 
     </span>
     <span class='ocr_line' id='line_1_16' title="bbox 112 1805 1167 1897; baseline 0.001 -25"><span class='ocrx_word' id='word_1_117' title='bbox 112 1829 236 1885; x_wconf 91' lang='lat' dir='ltr'>murus,</span> <span class='ocrx_word' id='word_1_118' title='bbox 248 1830 308 1891; x_wconf 89' lang='lat' dir='ltr'>per</span> <span class='ocrx_word' id='word_1_119' title='bbox 323 1810 416 1874; x_wconf 91' lang='lat' dir='ltr'>cuius</span> <span class='ocrx_word' id='word_1_120' title='bbox 429 1811 542 1874; x_wconf 90' lang='lat' dir='ltr'>ruinas</span> <span class='ocrx_word' id='word_1_121' title='bbox 557 1811 665 1874; x_wconf 90' lang='lat' dir='ltr'>hostis</span> <span class='ocrx_word' id='word_1_122' title='bbox 678 1811 821 1876; x_wconf 88' lang='lat' dir='ltr'>intravit.</span> <span class='ocrx_word' id='word_1_123' title='bbox 870 1814 1024 1878; x_wconf 89' lang='lat' dir='ltr'>Ducebat</span> <span class='ocrx_word' id='word_1_124' title='bbox 1041 1814 1114 1897; x_wconf 92' lang='lat' dir='ltr'>ipse</span> <span class='ocrx_word' id='word_1_125' title='bbox 1141 1805 1167 1873; x_wconf 79' lang='lat' dir='ltr'>n</span> 
     </span>
     <span class='ocr_line' id='line_1_17' title="bbox 111 1913 1114 1996; baseline 0.008 -21"><span class='ocrx_word' id='word_1_126' title='bbox 111 1933 170 1976; x_wconf 86' lang='lat' dir='ltr'>rex</span> <span class='ocrx_word' id='word_1_127' title='bbox 189 1913 429 1996; x_wconf 88' lang='lat' dir='ltr'>antesignanos</span> <span class='ocrx_word' id='word_1_128' title='bbox 456 1923 498 1990; x_wconf 91' lang='lat' dir='ltr'>et,</span> <span class='ocrx_word' id='word_1_129' title='bbox 516 1915 594 1977; x_wconf 93' lang='lat' dir='ltr'>dum</span> <span class='ocrx_word' id='word_1_130' title='bbox 621 1914 787 1979; x_wconf 88' lang='lat' dir='ltr'>incautius</span> <span class='ocrx_word' id='word_1_131' title='bbox 813 1916 911 1992; x_wconf 89' lang='lat' dir='ltr'>subit,</span> <span class='ocrx_word' id='word_1_132' title='bbox 930 1938 1009 1980; x_wconf 88' lang='lat' dir='ltr'>saxo</span> <span class='ocrx_word' id='word_1_133' title='bbox 1036 1939 1114 1983; x_wconf 92' lang='lat' dir='ltr'>crus</span> 
     </span>
     <span class='ocr_line' id='line_1_18' title="bbox 62 2016 1114 2103; baseline 0.006 -23"><span class='ocrx_word' id='word_1_134' title='bbox 62 2039 96 2089; x_wconf 87' lang='lat'>24</span> <span class='ocrx_word' id='word_1_135' title='bbox 112 2016 184 2080; x_wconf 90' lang='lat' dir='ltr'>eius</span> <span class='ocrx_word' id='word_1_136' title='bbox 203 2017 379 2099; x_wconf 85' lang='lat' dir='ltr'>adfligitur.</span> <span class='ocrx_word' id='word_1_137' title='bbox 428 2018 566 2081; x_wconf 89' lang='lat' dir='ltr'>Innixus</span> <span class='ocrx_word' id='word_1_138' title='bbox 590 2028 703 2081; x_wconf 88' lang='lat' dir='ltr'>tamen</span> <span class='ocrx_word' id='word_1_139' title='bbox 722 2018 790 2082; x_wconf 92' lang='lat' dir='ltr'>telo</span> <span class='ocrx_word' id='word_1_140' title='bbox 817 2021 964 2084; x_wconf 93' lang='lat' dir='ltr'>nondum</span> <span class='ocrx_word' id='word_1_141' title='bbox 992 2021 1114 2103; x_wconf 89' lang='lat' dir='ltr'>prioris</span> 
     </span>
     <span class='ocr_line' id='line_1_19' title="bbox 51 2120 1114 2204; baseline 0.007 -21"><span class='ocrx_word' id='word_1_142' title='bbox 51 2146 62 2165; x_wconf 88' lang='lat'><strong>·</strong></span> <span class='ocrx_word' id='word_1_143' title='bbox 111 2120 258 2184; x_wconf 91' lang='lat' dir='ltr'>vulneris</span> <span class='ocrx_word' id='word_1_144' title='bbox 274 2122 418 2185; x_wconf 91' lang='lat' dir='ltr'>obducta</span> <span class='ocrx_word' id='word_1_145' title='bbox 433 2120 587 2186; x_wconf 88' lang='lat' dir='ltr'>cicatrice</span> <span class='ocrx_word' id='word_1_146' title='bbox 610 2121 699 2186; x_wconf 92' lang='lat' dir='ltr'>inter</span> <span class='ocrx_word' id='word_1_147' title='bbox 716 2123 878 2204; x_wconf 91' lang='lat' dir='ltr'>primores</span> <span class='ocrx_word' id='word_1_148' title='bbox 901 2125 1046 2202; x_wconf 92' lang='lat' dir='ltr'>dimicat,</span> <span class='ocrx_word' id='word_1_149' title='bbox 1064 2126 1114 2190; x_wconf 93' lang='lat' dir='ltr'>ira</span> 
     </span>
     <span class='ocr_line' id='line_1_20' title="bbox 111 2225 1113 2308; baseline 0.007 -21"><span class='ocrx_word' id='word_1_150' title='bbox 111 2236 242 2306; x_wconf 88' lang='lat' dir='ltr'>quoque</span> <span class='ocrx_word' id='word_1_151' title='bbox 266 2245 437 2300; x_wconf 89' lang='lat' dir='ltr'>accensus,</span> <span class='ocrx_word' id='word_1_152' title='bbox 460 2226 549 2308; x_wconf 93' lang='lat' dir='ltr'>quod</span> <span class='ocrx_word' id='word_1_153' title='bbox 571 2227 639 2290; x_wconf 90' lang='lat' dir='ltr'>duo</span> <span class='ocrx_word' id='word_1_154' title='bbox 664 2227 698 2289; x_wconf 95' lang='lat' dir='ltr'>in</span> <span class='ocrx_word' id='word_1_155' title='bbox 725 2225 897 2291; x_wconf 90' lang='lat' dir='ltr'>obsidione</span> <span class='ocrx_word' id='word_1_156' title='bbox 924 2230 1015 2293; x_wconf 91' lang='lat' dir='ltr'>urbis</span> <span class='ocrx_word' id='word_1_157' title='bbox 1040 2231 1113 2295; x_wconf 90' lang='lat' dir='ltr'>eius</span> 
     </span>
     <span class='ocr_line' id='line_1_21' title="bbox 62 2327 1165 2418; baseline 0.005 -29"><span class='ocrx_word' id='word_1_158' title='bbox 62 2349 93 2402; x_wconf 84' lang='lat'>²5</span> <span class='ocrx_word' id='word_1_159' title='bbox 110 2327 248 2391; x_wconf 85' lang='lat' dir='ltr'>vulnera</span> <span class='ocrx_word' id='word_1_160' title='bbox 262 2339 444 2411; x_wconf 88' lang='lat' dir='ltr'>acceperat.</span> <span class='ocrx_word' id='word_1_161' title='bbox 492 2330 600 2393; x_wconf 91' lang='lat' dir='ltr'>Betim</span> <span class='ocrx_word' id='word_1_162' title='bbox 615 2331 749 2413; x_wconf 87' lang='lat' dir='ltr'>egregia</span> <span class='ocrx_word' id='word_1_163' title='bbox 761 2331 851 2395; x_wconf 86' lang='lat' dir='ltr'>edita</span> <span class='ocrx_word' id='word_1_164' title='bbox 862 2334 1113 2418; x_wconf 67' lang='lat' dir='ltr'>pugnamultis</span> <span class='ocrx_word' id='word_1_165' title='bbox 1137 2354 1165 2394; x_wconf 80' lang='lat' dir='ltr'>ao</span> 
     </span>
     <span class='ocr_line' id='line_1_22' title="bbox 111 2431 1111 2514; baseline 0.01 -20"><span class='ocrx_word' id='word_1_166' title='bbox 111 2451 176 2514; x_wconf 88' lang='lat' dir='ltr'>que</span> <span class='ocrx_word' id='word_1_167' title='bbox 190 2431 382 2495; x_wconf 89' lang='lat' dir='ltr'>vulneribus</span> <span class='ocrx_word' id='word_1_168' title='bbox 398 2432 588 2497; x_wconf 85' lang='lat' dir='ltr'>coniectum</span> <span class='ocrx_word' id='word_1_169' title='bbox 600 2435 818 2497; x_wconf 89' lang='lat' dir='ltr'>deseruerunt</span> <span class='ocrx_word' id='word_1_170' title='bbox 835 2436 906 2502; x_wconf 90' lang='lat' dir='ltr'>sui:</span> <span class='ocrx_word' id='word_1_171' title='bbox 922 2456 984 2500; x_wconf 91' lang='lat' dir='ltr'>nee</span> <span class='ocrx_word' id='word_1_172' title='bbox 997 2446 1111 2505; x_wconf 87' lang='lat' dir='ltr'>tamen</span> 
     </span>
     <span class='ocr_line' id='line_1_23' title="bbox 111 2516 1114 2623; baseline 0.009 -27"><span class='ocrx_word' id='word_1_173' title='bbox 111 2516 247 2622; x_wconf 85' lang='lat' dir='ltr'>segnius</span> <span class='ocrx_word' id='word_1_174' title='bbox 262 2535 424 2615; x_wconf 90' lang='lat' dir='ltr'>proelium</span> <span class='ocrx_word' id='word_1_175' title='bbox 441 2537 637 2617; x_wconf 88' lang='lat' dir='ltr'>capessebat</span> <span class='ocrx_word' id='word_1_176' title='bbox 648 2537 783 2601; x_wconf 90' lang='lat' dir='ltr'>lubricis</span> <span class='ocrx_word' id='word_1_177' title='bbox 800 2539 900 2602; x_wconf 87' lang='lat' dir='ltr'>armis</span> <span class='ocrx_word' id='word_1_178' title='bbox 911 2560 972 2603; x_wconf 94' lang='lat' dir='ltr'>suo</span> <span class='ocrx_word' id='word_1_179' title='bbox 987 2537 1114 2623; x_wconf 80' lang='lat' dir='ltr'>pariter¹</span> 
     </span>
     <span class='ocr_line' id='line_1_24' title="bbox 61 2638 1111 2726; baseline 0.009 -26"><span class='ocrx_word' id='word_1_180' title='bbox 61 2652 94 2701; x_wconf 86' lang='lat'>26</span> <span class='ocrx_word' id='word_1_181' title='bbox 110 2646 210 2721; x_wconf 86' lang='lat' dir='ltr'>atque</span> <span class='ocrx_word' id='word_1_182' title='bbox 240 2638 387 2701; x_wconf 92' lang='lat' dir='ltr'>hostium</span> <span class='ocrx_word' id='word_1_183' title='bbox 418 2641 588 2723; x_wconf 87' lang='lat' dir='ltr'>sanguine.</span> <span class='ocrx_word' id='word_1_184' title='bbox 652 2641 718 2705; x_wconf 89' lang='lat' dir='ltr'>Sed</span> <span class='ocrx_word' id='word_1_185' title='bbox 750 2663 826 2705; x_wconf 93' lang='lat' dir='ltr'>cum</span> <span class='ocrx_word' id='word_1_186' title='bbox 857 2644 1003 2726; x_wconf 91' lang='lat' dir='ltr'>undique</span> <span class='ocrx_word' id='word_1_187' title='bbox 1031 2644 1111 2709; x_wconf 89' lang='lat' dir='ltr'>telis</span> 
     </span>
     <span class='ocr_line' id='line_1_25' title="bbox 104 2743 1111 2825; baseline 0.008 -21"><span class='ocrx_word' id='word_1_188' title='bbox 104 2752 274 2824; x_wconf 74' lang='lat' dir='ltr'>peteretur,</span> <span class='ocrx_word' id='word_1_189' title='bbox 291 2743 340 2805; x_wconf 80' lang='lat' dir='ltr'>ad</span> <span class='ocrx_word' id='word_1_190' title='bbox 357 2753 558 2825; x_wconf 75' lang='lat' dir='ltr'>postremum</span> <span class='ocrx_word' id='word_1_191' title='bbox 590 2745 758 2808; x_wconf 78' lang='lat' dir='ltr'>exhaustis</span> <span class='ocrx_word' id='word_1_192' title='bbox 787 2747 916 2810; x_wconf 80' lang='lat' dir='ltr'>viribus</span> <span class='ocrx_word' id='word_1_193' title='bbox 945 2748 1044 2812; x_wconf 83' lang='lat' dir='ltr'>vivus</span> <span class='ocrx_word' id='word_1_194' title='bbox 1073 2749 1111 2812; x_wconf 84' lang='lat' dir='ltr'>in</span> 
     </span>
     <span class='ocr_line' id='line_1_26' title="bbox 102 2847 1163 2931; baseline 0.008 -23"><span class='ocrx_word' id='word_1_195' title='bbox 102 2856 295 2928; x_wconf 77' lang='lat' dir='ltr'>potestatem</span> <span class='ocrx_word' id='word_1_196' title='bbox 315 2847 457 2910; x_wconf 79' lang='lat' dir='ltr'>hostium</span> <span class='ocrx_word' id='word_1_197' title='bbox 469 2849 629 2930; x_wconf 77' lang='lat' dir='ltr'>pervenit.</span> <span class='ocrx_word' id='word_1_198' title='bbox 679 2849 755 2931; x_wconf 87' lang='lat' dir='ltr'>Quo</span> <span class='ocrx_word' id='word_1_199' title='bbox 780 2851 928 2914; x_wconf 88' lang='lat' dir='ltr'>adducto</span> <span class='ocrx_word' id='word_1_200' title='bbox 951 2851 1109 2916; x_wconf 92' lang='lat' dir='ltr'>insolenti</span> <span class='ocrx_word' id='word_1_201' title='bbox 1135 2874 1163 2915; x_wconf 77' lang='lat' dir='ltr'>rs</span> 
     </span>
     <span class='ocr_line' id='line_1_27' title="bbox 86 2949 1109 3031; baseline 0.008 -20"><span class='ocrx_word' id='word_1_202' title='bbox 86 2949 231 3031; x_wconf 75' lang='lat' dir='ltr'>‘gaudio</span> <span class='ocrx_word' id='word_1_203' title='bbox 257 2949 386 3013; x_wconf 91' lang='lat' dir='ltr'>iuvenis</span> <span class='ocrx_word' id='word_1_204' title='bbox 411 2951 528 3026; x_wconf 89' lang='lat' dir='ltr'>elatus,</span> <span class='ocrx_word' id='word_1_205' title='bbox 554 2953 634 3015; x_wconf 86' lang='lat' dir='ltr'>alias</span> <span class='ocrx_word' id='word_1_206' title='bbox 659 2952 791 3016; x_wconf 81' lang='lat' dir='ltr'>virtutis</span> <span class='ocrx_word' id='word_1_207' title='bbox 818 2954 917 3017; x_wconf 88' lang='lat' dir='ltr'>etiam</span> <span class='ocrx_word' id='word_1_208' title='bbox 945 2954 978 3017; x_wconf 92' lang='lat' dir='ltr'>in</span> <span class='ocrx_word' id='word_1_209' title='bbox 1010 2956 1109 3020; x_wconf 92' lang='lat' dir='ltr'>hoste</span> 
     </span>
     <span class='ocr_line' id='line_1_28' title="bbox 109 3037 1109 3138; baseline 0.009 -23"><span class='ocrx_word' id='word_1_210' title='bbox 109 3037 254 3128; x_wconf 81' lang='lat' dir='ltr'>miiator,</span> <span class='ocrx_word' id='word_1_211' title='bbox 281 3060 299 3087; x_wconf 91' lang='lat'><strong>“</strong></span> <span class='ocrx_word' id='word_1_212' title='bbox 310 3054 398 3128; x_wconf 91' lang='lat' dir='ltr'>Non,</span> <span class='ocrx_word' id='word_1_213' title='bbox 430 3064 467 3117; x_wconf 95' lang='lat' dir='ltr'>ut</span> <span class='ocrx_word' id='word_1_214' title='bbox 499 3054 663 3132; x_wconf 89' lang='lat' dir='ltr'>voluisti‚”</span> <span class='ocrx_word' id='word_1_215' title='bbox 692 3056 807 3138; x_wconf 92' lang='lat' dir='ltr'>inquit,</span> <span class='ocrx_word' id='word_1_216' title='bbox 836 3059 1024 3135; x_wconf 85' lang='lat' dir='ltr'>“morieris,</span> <span class='ocrx_word' id='word_1_217' title='bbox 1049 3061 1109 3124; x_wconf 90' lang='lat' dir='ltr'>sed</span> 
     </span>
     <span class='ocr_line' id='line_1_29' title="bbox 109 3155 1108 3241; baseline 0.009 -23"><span class='ocrx_word' id='word_1_218' title='bbox 109 3155 267 3238; x_wconf 90' lang='lat' dir='ltr'>quidquid</span> <span class='ocrx_word' id='word_1_219' title='bbox 288 3155 321 3218; x_wconf 94' lang='lat' dir='ltr'>in</span> <span class='ocrx_word' id='word_1_220' title='bbox 342 3157 508 3238; x_wconf 91' lang='lat' dir='ltr'>captivum</span> <span class='ocrx_word' id='word_1_221' title='bbox 535 3158 675 3221; x_wconf 88' lang='lat' dir='ltr'>inveniri</span> <span class='ocrx_word' id='word_1_222' title='bbox 700 3169 821 3240; x_wconf 91' lang='lat' dir='ltr'>potest,</span> <span class='ocrx_word' id='word_1_223' title='bbox 838 3181 1012 3241; x_wconf 89' lang='lat' dir='ltr'>passurum</span> <span class='ocrx_word' id='word_1_224' title='bbox 1032 3183 1108 3227; x_wconf 91' lang='lat' dir='ltr'>esse</span> 
     </span>
     <span class='ocr_line' id='line_1_30' title="bbox 60 3252 1106 3341; baseline 0.011 -23"><span class='ocrx_word' id='word_1_225' title='bbox 60 3252 97 3334; x_wconf 67' lang='lat'>27⁷</span> <span class='ocrx_word' id='word_1_226' title='bbox 108 3269 144 3324; x_wconf 90' lang='lat' dir='ltr'>te</span> <span class='ocrx_word' id='word_1_227' title='bbox 159 3257 301 3341; x_wconf 85' lang='lat' dir='ltr'>cogita.&#39;&#39;</span> <span class='ocrx_word' id='word_1_228' title='bbox 349 3260 410 3322; x_wconf 90' lang='lat' dir='ltr'>Ille</span> <span class='ocrx_word' id='word_1_229' title='bbox 435 3281 500 3323; x_wconf 94' lang='lat' dir='ltr'>non</span> <span class='ocrx_word' id='word_1_230' title='bbox 527 3261 679 3325; x_wconf 89' lang='lat' dir='ltr'>interrito</span> <span class='ocrx_word' id='word_1_231' title='bbox 707 3263 814 3338; x_wconf 90' lang='lat' dir='ltr'>modo,</span> <span class='ocrx_word' id='word_1_232' title='bbox 833 3264 891 3326; x_wconf 94' lang='lat' dir='ltr'>sed</span> <span class='ocrx_word' id='word_1_233' title='bbox 918 3267 1106 3331; x_wconf 91' lang='lat' dir='ltr'>contumaci</span> 
     </span>
     <span class='ocr_line' id='line_1_31' title="bbox 107 3363 1161 3446; baseline 0.009 -20"><span class='ocrx_word' id='word_1_234' title='bbox 107 3383 239 3446; x_wconf 88' lang='lat' dir='ltr'>quoque</span> <span class='ocrx_word' id='word_1_235' title='bbox 265 3363 358 3426; x_wconf 92' lang='lat' dir='ltr'>vultu</span> <span class='ocrx_word' id='word_1_236' title='bbox 384 3363 519 3428; x_wconf 92' lang='lat' dir='ltr'>intuens</span> <span class='ocrx_word' id='word_1_237' title='bbox 546 3385 668 3445; x_wconf 83' lang='lat' dir='ltr'>regem,</span> <span class='ocrx_word' id='word_1_238' title='bbox 687 3366 810 3428; x_wconf 84' lang='lat' dir='ltr'>nullam</span> <span class='ocrx_word' id='word_1_239' title='bbox 836 3367 877 3430; x_wconf 91' lang='lat' dir='ltr'>ad</span> <span class='ocrx_word' id='word_1_240' title='bbox 904 3368 1011 3432; x_wconf 89' lang='lat' dir='ltr'>minas</span> <span class='ocrx_word' id='word_1_241' title='bbox 1033 3369 1106 3434; x_wconf 90' lang='lat' dir='ltr'>eius</span> <span class='ocrx_word' id='word_1_242' title='bbox 1133 3394 1161 3434; x_wconf 79' lang='lat' dir='ltr'>oo</span> 
     </span>
     <span class='ocr_line' id='line_1_32' title="bbox 58 3452 1112 3543; baseline 0.004 -11"><span class='ocrx_word' id='word_1_243' title='bbox 58 3481 91 3532; x_wconf 53' lang='grc' dir='ltr'>ιε</span> <span class='ocrx_word' id='word_1_244' title='bbox 107 3452 249 3530; x_wconf 74' lang='lat' dir='ltr'>reddidit</span> <span class='ocrx_word' id='word_1_245' title='bbox 273 3486 397 3531; x_wconf 83' lang='lat' dir='ltr'>vocem.</span> <span class='ocrx_word' id='word_1_246' title='bbox 445 3469 531 3531; x_wconf 84' lang='lat' dir='ltr'>Tum</span> <span class='ocrx_word' id='word_1_247' title='bbox 556 3469 755 3543; x_wconf 76' lang='lat' dir='ltr'>Alexander,</span> <span class='ocrx_word' id='word_1_248' title='bbox 775 3470 982 3535; x_wconf 72' lang='lat' dir='ltr'>“videtisne</span> <span class='ocrx_word' id='word_1_249' title='bbox 1006 3473 1112 3536; x_wconf 77' lang='lat' dir='ltr'>obstr--</span> 
     </span>
     <span class='ocr_line' id='line_1_33' title="bbox 99 3557 1107 3655; baseline 0.007 -23"><span class='ocrx_word' id='word_1_250' title='bbox 99 3557 222 3633; x_wconf 80' lang='lat' dir='ltr'>natum</span> <span class='ocrx_word' id='word_1_251' title='bbox 244 3570 288 3634; x_wconf 82' lang='lat' dir='ltr'>ad</span> <span class='ocrx_word' id='word_1_252' title='bbox 313 3569 542 3635; x_wconf 88' lang='lat' dir='ltr'>tacendum?’&#39;</span> <span class='ocrx_word' id='word_1_253' title='bbox 572 3570 690 3655; x_wconf 92' lang='lat' dir='ltr'>inquit,</span> <span class='ocrx_word' id='word_1_254' title='bbox 717 3579 828 3635; x_wconf 90' lang='lat' dir='ltr'>“num</span> <span class='ocrx_word' id='word_1_255' title='bbox 851 3593 944 3655; x_wconf 85' lang='lat' dir='ltr'>genu</span> <span class='ocrx_word' id='word_1_256' title='bbox 970 3576 1107 3655; x_wconf 83' lang='lat' dir='ltr'>posuit?</span> 
     </span>
    </p>
   </div>
   <div class='ocr_carea' id='block_1_3' title="bbox 468 3762 748 3821">
    <p class='ocr_par' dir='ltr' id='par_1_3' title="bbox 468 3762 748 3821">
     <span class='ocr_line' id='line_1_34' title="bbox 468 3762 748 3821; baseline -0.004 -12"><span class='ocrx_word' id='word_1_257' title='bbox 468 3777 493 3821; x_wconf 79' lang='lat'>5.</span> <span class='ocrx_word' id='word_1_258' title='bbox 509 3763 628 3819; x_wconf 88' lang='lat' dir='ltr'>intumuit,</span> <span class='ocrx_word' id='word_1_259' title='bbox 636 3762 748 3809; x_wconf 67' lang='lat' dir='ltr'>mellea.</span> 
     </span>
    </p>
   </div>
   <div class='ocr_carea' id='block_1_4' title="bbox 0 0 1242 4036">
    <p class='ocr_par' dir='ltr' id='par_1_4' title="bbox 0 0 1242 4036">
     <span class='ocr_line' id='line_1_35' title="bbox 0 0 1242 4036; baseline 0 2"><span class='ocrx_word' id='word_1_260' title='bbox 0 0 1242 4036; x_wconf 95' lang='lat' dir='ltr'> </span> 
     </span>
    </p>
   </div>
  </div>
 </body>
</html>
