2476 4036
321 179 550 245 Historiarum
572 164 759 245 Alexandri
779 182 803 243 J
808 182 841 258 V,
870 200 916 261 14
1076 185 1116 263 85

118 467 173 531 illa
188 468 292 531 fuisse
308 468 495 532 dicturum:
517 468 709 549 pervenisse
733 488 781 543 e0‚
800 469 888 532 unde
910 469 1026 551 fugere
1050 490 1117 532 non

118 581 265 654 possent.
312 573 379 635 Tot
401 581 562 634 terrarum
588 572 695 653 spatia
717 572 872 648 emensis,
889 582 940 635 tot
963 573 1117 637 amnibus

118 676 354 758 montibusque
370 685 446 758 post
463 686 595 758 tergum
619 676 758 739 obiectis
782 676 845 739 iter
860 677 895 739 in
917 677 1058 758 patriam
1082 687 1117 741 et

77 795 92 835 5
118 788 257 861 penates
281 801 380 842 manu
397 800 470 843 esse
493 777 713 844 faciendum.'’
761 780 818 844 Sic
833 781 944 857 duces,
962 780 1009 844 sic
1025 801 1117 862 prox·
1151 794 1168 844 8

118 882 176 946 imi
192 883 334 946 militum
351 883 502 947 instincti
518 892 605 948 sunt.

64 994 103 1056 53
162 987 293 1051 Dareus
309 987 341 1049 in
359 987 452 1051 laevo
468 1008 570 1051 cornu
586 997 667 1064 erat,
682 1009 810 1075 magno¹
820 1008 955 1052 suorum
970 988 1114 1070 agmine,

117 1089 255 1154 delectis
271 1090 420 1174 equitum
442 1091 659 1174 peditumque
682 1091 834 1174 stipatus,
859 1101 1117 1173 contempserat·

117 1214 181 1276 que
209 1195 411 1276 paucitatem
439 1195 555 1271 hostis,
581 1216 700 1258 vanam
730 1195 835 1259 aciem
866 1216 941 1260 esse
971 1197 1116 1260 extentis

64 1309 92 1350 1⁰
117 1299 273 1362 cornibus
290 1307 390 1363 ratus.
438 1299 605 1375 Ceterum,
624 1299 710 1363 sicut
726 1320 824 1362 curru
847 1299 1024 1375 eminebat,
1042 1301 1117 1363 dex·
1150 1313 1166 1362 9

116 1412 168 1465 tra
190 1402 349 1484 laevaque
364 1404 405 1466 ad
422 1403 673 1466 circumstantia
694 1403 828 1485 agmina
850 1403 963 1467 oculos
985 1423 1117 1467 manus·

116 1526 181 1589 que
194 1506 441 1581 circumferens,
456 1505 692 1582 “Terrarum”
707 1506 822 1590 inquit,
839 1515 945 1590 “quas
958 1506 1115 1572 Oceanus

116 1610 195 1673 hinc
218 1610 331 1686 adluit,
356 1611 447 1674 illinc
478 1611 600 1674 claudit
633 1610 885 1692 Hellespontus,
909 1610 1007 1693 paulo
1036 1622 1115 1676 ante

116 1713 249 1789 domini,
275 1713 340 1777 iam
371 1734 438 1777 non
465 1715 507 1777 de
533 1714 645 1797 gloria,
661 1700 733 1777 'sed
759 1716 800 1778 de
826 1714 934 1778 salute
959 1724 1002 1792 et,
1027 1716 1115 1798 quod

65 1831 91 1871 1⁵
117 1817 216 1880 saluti
246 1818 459 1900 praeponitis,
491 1818 647 1882 libertate
677 1820 892 1900 pugnandum
923 1828 984 1884 est.
1047 1820 1166 1884 Hiero

117 1921 187 1985 dies
210 1921 395 2003 imperium,
419 1942 485 2004 quo
509 1922 636 1985 nullum
659 1922 800 2005 amplius
822 1923 905 1986 vidit
931 1932 1032 2000 aetas,
1057 1934 1115 1988 aut
1146 1905 1150 1913 ⁵

117 2025 299 2089 constituet
315 2034 372 2088 aut
389 2026 491 2089 finiet.
532 2025 634 2107 Apud
649 2026 826 2090 Granicum
844 2026 980 2090 minima
995 2027 1114 2092 virium

116 2138 210 2211 parte
229 2149 304 2192 cum
328 2130 425 2192 hoste
448 2130 669 2193 certavimus:
692 2130 726 2192 in
751 2129 867 2193 Cilicia
887 2131 994 2195 victos
1019 2132 1115 2217 Syria
1155 2208 1159 2226 Ι

116 2242 247 2314 poterat
278 2232 449 2315 excipere:
488 2254 608 2315 magna
639 2233 845 2296 munimenta
874 2234 969 2316 regni
1002 2236 1114 2317 Tigris
1154 2237 1160 2273 ⁸

64 2352 90 2392 ao
116 2345 216 2419 atque
232 2335 422 2418 Euphrates
440 2347 542 2400 erant.
590 2337 738 2399 Ventum
763 2348 815 2399 est
831 2356 880 2412 e0‚
898 2338 986 2400 unde
1009 2339 1113 2421 pulsis
1134 2369 1161 2406 ιι

115 2460 158 2503 ne
173 2440 272 2522 fugae
288 2439 421 2522 quidem
437 2440 529 2503 locus
546 2450 607 2504 est.
656 2439 777 2503 Omnia
793 2449 860 2503 tam
877 2441 1006 2504 diutino
1027 2443 1113 2507 bello

115 2544 276 2606 exhausta
292 2553 368 2625 post
384 2553 516 2626 tergum
541 2553 639 2607 sunt:
663 2563 730 2606 non
753 2542 879 2607 incolas
902 2564 980 2608 suos
1004 2547 1112 2623 urbes,

115 2669 183 2710 non
210 2647 354 2710 cultores
386 2648 510 2710 habent
542 2656 658 2711 terrae.
720 2645 889 2729 Coniuges
920 2668 1050 2731 quoque
1079 2660 1114 2714 et

114 2750 210 2815 liberi
226 2761 413 2834 sequuntur
428 2751 514 2814 hanc
536 2751 652 2826 aciem,
669 2759 784 2832 parata
806 2751 958 2815 hostibus
981 2755 1112 2834 praeda,

63 2873 88 2912 n
115 2854 179 2918 nisi
210 2874 269 2937 pro
300 2854 478 2919 carissimis
509 2854 703 2937 pignoribus
734 2874 872 2936 corpora
904 2845 1110 2937 opponimus.

115 2958 214 3040 Quod
230 2978 379 3021 mearum
402 2959 467 3022 fuit
490 2958 644 3041 partium,
669 2957 860 3034 exercitum,
885 2979 983 3042 quem
1007 2982 1113 3042 paene
1134 2985 1164 3022 12

114 3061 278 3125 immensa
289 3062 443 3145 planities
455 3063 509 3125 vix
520 3071 664 3144 caperet,
678 3060 873 3144 conparavi:
897 3084 1009 3146 equos,
1023 3085 1114 3129 arma

113 3165 288 3231 distribui:
310 3176 517 3231 commeatus
533 3187 575 3231 ne
591 3175 704 3230 tantae
720 3167 927 3230 multitudini
945 3169 1111 3247 deessent,

112 3269 260 3351 providi:
286 3269 405 3346 locum,
430 3269 465 3333 in
487 3290 553 3354 quo
575 3269 665 3335 acies
688 3271 844 3353 explicari
867 3282 990 3355 posset,
1016 3272 1112 3356 elegi.

60 3393 87 3434 ao
114 3372 236 3437 Cetera
251 3372 286 3436 in
302 3384 413 3437 vestra
428 3383 597 3456 potestate
614 3383 712 3438 sunt:
735 3376 855 3438 audete
868 3377 965 3439 modo
977 3377 1112 3441 vincere
1133 3405 1163 3456 13

111 3477 310 3559 famamque,
324 3477 585 3541 infirmissimum
598 3479 757 3542 adversus
771 3479 876 3542 fortes
894 3479 980 3543 viros
997 3481 1110 3557 telum,

61 3584 99 3644 54
113 3581 327 3647 contemnite.
374 3581 560 3646 Temeritas
577 3591 637 3658 est,
656 3603 754 3665 quam
777 3584 883 3647 adhuc
906 3604 965 3664 pro
988 3583 1112 3648 virtute

79 3771 99 3812 ⁶·
114 3769 220 3824 smmi»
230 3773 329 3818 t'ncr'ted.
369 3778 392 3821 Β.
407 3776 514 3834 stipatus,
521 3780 607 3834 closely
618 3775 791 3821 surroundcd.
829 3773 869 3812 ab.
878 3748 1194 3820 pamm-mssswsffi
