2476 4036
150 133 187 195 18
518 130 555 210 Q.
584 130 681 196 curti
701 133 784 216 Rufi

99 334 127 388 15
146 315 216 379 dari
246 314 388 379 iusserat
419 317 461 378 ad
490 316 731 380 aestimandam
763 317 863 381 fidem
893 317 1033 382 barbari.
1084 319 1158 403 Qui

146 419 223 502 quia
245 440 304 501 per
327 420 502 502 conplures
518 421 589 484 dies
614 442 680 484 non
705 422 831 485 adierat
855 442 979 505 regem,
1005 423 1157 503 scelesto

146 524 284 587 consilio
308 545 380 588 eam
404 525 495 589 visus
519 536 571 588 est
597 525 824 607 suppressisse
851 535 885 589 et
912 526 947 590 in
973 527 1111 611 agmine
1135 549 1157 592 a

147 627 366 692 Cretensibus
381 629 469 693 haud
485 629 585 694 dubie
601 629 693 694 iussu
710 631 798 713 regis
815 629 954 694 occisus,

545 874 626 939 Cur.
651 874 750 939 VIII.

116 1057 128 1096 ι
192 1039 329 1123 Iamque
352 1040 472 1105 Graeci
495 1041 627 1116 milites,
645 1062 728 1124 quos
750 1042 942 1127 Thymodes
964 1062 984 1104 a
1008 1042 1153 1108 Pharna·
1168 1050 1205 1110 19

147 1144 228 1207 bazo
244 1154 426 1227 acceperat,
444 1145 621 1226 praecipua
637 1166 714 1227 spes
731 1154 764 1208 et
785 1147 1024 1227 propemodum
1042 1147 1150 1224 unica,
1193 1175 1206 1214 o

114 1249 189 1311 aad
213 1249 360 1311 Dareum
383 1258 611 1331 pervenerant.
661 1249 708 1312 Hi
732 1269 935 1332 magnopere
954 1251 1150 1328 suadebant,

148 1361 185 1414 ut
215 1360 304 1414 retro
334 1352 442 1415 abiret
469 1352 701 1435 spatiososque
725 1353 988 1435 Mesopotamiae
1016 1374 1152 1438 campos

148 1465 334 1538 repeteret:
358 1455 386 1518 si
409 1457 443 1519 id
466 1456 640 1520 consilium
658 1458 837 1533 damnaret,
856 1466 889 1521 at
914 1457 969 1520 ille
989 1458 1152 1522 divideret

148 1559 266 1622 saltem
289 1560 401 1641 copias
424 1559 682 1624 innumerabiles
707 1581 772 1625 neu
796 1562 857 1625 sub
875 1582 975 1624 unum
997 1560 1152 1627 fortunae
1179 1592 1206 1632 ro

115 1678 131 1730 3
148 1663 252 1727 ictum
268 1672 356 1727 totas
372 1663 459 1727 vires
482 1663 576 1746 regni
593 1666 710 1728 cadere
729 1674 906 1748 pateretur.
957 1666 1071 1730 Minus
1087 1667 1153 1732 hoc

148 1768 219 1850 regi
231 1787 329 1850 quam
342 1767 531 1850 purpuratis
543 1768 614 1832 eius
627 1769 842 1850 displicebat:
859 1769 1038 1851 ancipitem
1051 1770 1151 1834 fidem

148 1880 181 1934 et
198 1872 351 1936 mercede
363 1871 514 1934 venalem
532 1873 710 1954 proditioni
727 1873 900 1936 imminere
916 1883 951 1936 et
966 1873 1069 1937 dividi
1084 1895 1153 1938 non

148 1979 191 2042 ob
207 1978 296 2042 aliud
311 1978 422 2060 copias
440 1978 532 2053 velle,
550 1997 648 2059 quam
665 1986 701 2040 ut
718 1976 782 2059 ipsi
802 1977 835 2040 in
853 1977 983 2040 diversa
998 1976 1149 2060 digressi,

149 2081 177 2145 si
196 2082 274 2164 quid
298 2081 510 2145 commissum
528 2091 627 2156 esset,
646 2081 815 2144 traderent
834 2081 1047 2144 Alexandro:
1069 2080 1153 2144 nihil
1179 2105 1206 2146 re

148 2186 255 2249 tutius
277 2186 358 2261 fore,
376 2207 475 2268 quam
492 2185 713 2249 circumdatos
730 2205 786 2248 eos
805 2184 952 2249 exercitu
969 2193 1041 2248 toto
1057 2184 1153 2248 obrui

115 2304 132 2350 4
149 2289 235 2365 telis,
253 2290 488 2353 documentum
514 2309 579 2351 non
602 2289 727 2352 inultae
743 2288 899 2371 perfidiae
915 2288 1055 2352 futuros.
1102 2287 1153 2352 At

150 2393 289 2469 Dareus,
307 2402 343 2456 ut
363 2404 433 2456 erat
453 2402 589 2456 sanctus
606 2413 644 2456 ac
660 2393 759 2468 mitIs,
778 2413 814 2456 se
830 2413 909 2456 vero
925 2400 1057 2456 tantum
1074 2391 1152 2456 faci-

149 2518 212 2560 nus
230 2505 331 2579 negat
348 2517 422 2560 esse
438 2497 614 2572 facturum,
633 2507 670 2560 ut
687 2518 779 2560 suam
797 2507 931 2560 secutos
947 2497 1056 2572 fidem,
1074 2516 1153 2560 suos

117 2601 272 2668 smilites
296 2601 406 2664 iubeat
430 2601 595 2664 trucidari.
648 2601 757 2683 Quem
781 2600 901 2664 deinde
928 2599 1071 2682 amplius
1099 2620 1153 2662 na·
1179 2624 1205 2664 ao

149 2705 279 2768 tionum
303 2715 490 2769 exterarum
515 2706 657 2768 salutem
683 2726 776 2768 suam
801 2704 1003 2768 crediturum
1029 2703 1100 2779 sibi,
1124 2702 1153 2766 si

116 2817 200 2872 6t0t
227 2809 370 2873 militum
396 2809 557 2892 sanguine
583 2809 747 2873 inbuisset
776 2808 919 2872 manus?
973 2806 1152 2871 Neminem

150 2912 307 2976 stolidum
338 2914 512 2977 consilium
544 2914 653 2997 capite
683 2914 775 2977 luere
807 2912 947 2975 debere:
978 2911 1153 3001 defuturos

150 3017 249 3091 enim,
274 3018 330 3100 qui
361 3019 548 3094 suaderent,
574 3018 601 3081 si
628 3017 774 3080 suasisse
802 3015 1023 3098 periculosum
1052 3024 1150 3078 esset.

151 3121 306 3204 Denique
336 3123 426 3204 ipsos
457 3123 577 3186 cotidie
604 3142 624 3186 a
650 3143 687 3185 se
717 3120 869 3184 advocari
907 3119 942 3181 in
978 3117 1153 3182 consilium
1180 3143 1206 3182 rs

149 3226 323 3309 variasque
347 3227 531 3290 sententias
555 3227 673 3302 dicere,
693 3246 754 3289 nec
777 3234 890 3288 tamen
915 3223 1061 3285 melioris
1077 3221 1154 3284 fidei

119 3338 133 3391 7
151 3330 273 3406 haberi,
291 3330 347 3413 qui
369 3331 565 3412 prudentius
586 3329 735 3393 suaserit.
784 3329 902 3409 Itaque
920 3325 1057 3390 Graecis
1073 3346 1155 3388 nun-

150 3414 233 3497 tiare
246 3434 347 3509 iubet,
362 3434 469 3516 ipsum
484 3434 614 3516 quidem
629 3432 873 3497 benivolentiae
886 3430 1017 3493 illorum
1030 3428 1155 3512 gratias

147 3558 256 3617 agere,
280 3547 437 3615 ceterum,
462 3537 491 3602 si
514 3547 605 3603 retro
628 3537 676 3602 ire
699 3545 828 3622 pergat,
849 3535 942 3599 baud
955 3533 1066 3596 dubie
1085 3552 1158 3611 reg-

49 3719 83 3757 '3'
90 3715 356 3781 mmmm,
367 3743 436 3777 were
447 3747 481 3778 on
495 3734 537 3780 the
546 3737 620 3791 potiit
633 3735 666 3790 ω’
674 3732 814 3787 betraytng.
860 3739 895 3780 ις.
910 3718 1068 3766 commissum,
1077 3708 1229 3754 astruendi

600 3800 697 3854 them).
