2476 4036
101 151 146 212 44
472 129 510 209 Q.
538 128 635 196 Curti
654 132 738 216 Rufi

103 315 354 398 interrogabant
370 313 481 390 etiam,
499 335 579 378 num
599 315 704 378 maior
727 315 887 397 Neptuno
910 315 1111 383 Alexander

103 420 217 484 esset?
264 419 359 482 Haec
376 418 447 500 ipsa
464 418 640 482 insectatio
660 419 864 483 alacritatem
888 419 1032 485 militum
1055 445 1111 488 ac-

55 551 84 588 21
104 526 224 592 cendit.
285 525 421 607 Iamque
452 524 587 605 paulum
618 524 723 587 moles
754 545 839 608 aqua
869 525 1039 590 eminebat
1071 539 1108 592 et
1123 535 1156 596 ll

104 632 200 696 simul
227 630 359 713 aggeris
386 629 527 692 latitudo
554 631 724 694 crescebat
749 630 887 712 urbique
909 632 1110 696 admoveba-

103 747 174 801 tur:
199 758 274 801 cum
287 737 380 821 Tyrii
393 736 622 819 magnitudine
634 737 739 812 molis,
754 737 848 800 cuius
860 735 1108 800 incrementum
1146 759 1158 799 a

104 860 161 905 eos
174 851 273 905 antea
282 842 458 918 fefellerat,
471 851 651 924 conspecta
660 842 788 906 levibus
801 841 941 924 navigiis
954 842 1108 905 nondum

104 946 318 1010 commissum
335 968 419 1029 opus
435 947 609 1011 circumire
625 956 815 1029 coeperunt,
829 946 1011 1011 missilibus
1028 966 1109 1028 quo

55 1077 88 1114 22
104 1070 169 1132 que
195 1071 262 1126 eos,
287 1051 344 1134 qui
370 1072 430 1133 pro
457 1071 556 1133 opere
587 1052 730 1126 stabant,
762 1050 956 1115 incessere.v
985 1048 1107 1128 Multis

104 1174 185 1236 ergo
201 1153 326 1236 inpune
348 1155 540 1230 vulneratis,
559 1176 634 1218 cum
650 1164 684 1218 et
700 1175 871 1218 removere
887 1164 921 1218 et
937 1153 1107 1237 adpellere

105 1258 245 1339 scaphas
275 1257 310 1320 in
341 1259 495 1340 expedito
527 1268 627 1334 esset,
659 1258 702 1322 ad
731 1278 843 1322 curam
874 1267 982 1322 semet
1012 1257 1106 1340 ipsos
1133 1279 1159 1320 io

104 1360 220 1424 tuendi
241 1362 283 1425 ab
299 1382 399 1443 opere
419 1371 672 1426 converterant:
695 1371 729 1425 et
754 1382 819 1445 quo
841 1361 974 1444 longius
997 1361 1107 1424 moles

104 1465 266 1548 agebatur
290 1486 309 1529 a
333 1466 438 1540 litore,
464 1466 527 1529 hoc
548 1466 663 1552 magis,
692 1466 851 1549 quidquid
879 1466 1105 1548 ingerebatur,

55 1595 88 1647 23
105 1569 288 1651 praealtum
304 1569 502 1633 absorbebat
519 1590 616 1633 mare.
665 1571 773 1652 Igitur
795 1589 852 1632 rex
874 1569 1107 1634 munientibus

105 1672 194 1737 coria
223 1673 361 1755 velaque
392 1673 488 1736 iussit
519 1673 665 1749 obtendi,
698 1683 734 1736 ut
765 1682 857 1736 extra
887 1673 946 1736 teli
979 1672 1106 1737 iactum

105 1786 228 1852 essent,
242 1777 390 1860 duasque
407 1787 515 1841 turres
531 1796 572 1840 ex
588 1777 696 1859 capite
713 1777 809 1840 molis
825 1777 938 1852 erexit,
953 1777 1107 1860 equibus
1132 1800 1159 1842 u

55 1895 89 1946 24
105 1880 139 1944 in
164 1881 345 1945 subeuntes
377 1882 517 1963 scaphas
548 1881 614 1944 tela
644 1881 751 1963 ingeri
781 1891 928 1962 possent.
977 1880 1108 1945 Contra

105 1985 199 2069 Tyrii
214 1984 346 2067 navigia
362 1985 475 2067 procul
491 1993 509 2048 a
526 1995 708 2067 conspectu
725 1985 872 2048 hostium
887 1984 977 2047 litori
995 1984 1108 2067 adpel-

104 2087 178 2151 lunt
203 2070 428 2171 eirpositisque
452 2089 614 2152 militibus
639 2109 706 2164 eoS,
729 2088 785 2171 qui
809 2109 887 2151 saxa
914 2089 1105 2171 gestabant,

104 2193 315 2256 obtruncant.
364 2193 404 2255 In
422 2192 551 2256 Libano
567 2213 698 2275 quoque
714 2192 865 2256 Arabum
884 2201 1036 2275 agrestes
1059 2191 1108 2255 in·

104 2296 296 2378 conpositos
320 2297 522 2360 Macedonas
553 2296 660 2359 adorti
689 2315 761 2359 xxx
791 2294 861 2360 iere
898 2295 1105 2360 interficiunt
1132 2321 1158 2363 n

103 2401 198 2465 haud
216 2400 426 2483 paucioribus
451 2400 566 2482 captis

524 2646 606 2712 Cnr.
626 2648 689 2712 III.

73 2835 84 2875 r
149 2813 200 2877 Ea
223 2833 276 2876 res
301 2811 529 2876 Alexandrum
554 2813 700 2876 dividere
724 2813 837 2896 copias
863 2813 974 2897 coegit
999 2822 1043 2891 et,
1061 2833 1105 2880 ne

105 2916 255 3000 segniter
270 2917 420 2980 adsidere
436 2917 495 2979 uni
517 2917 591 2980 urbi
613 2917 790 2993 videretur,
808 2919 900 2999 operi
925 2918 1104 2982 Perdiccan

105 3021 334 3102 Crateronque
349 3019 529 3102 praefecit:
552 3020 624 3103 ipse
640 3041 715 3085 cum
731 3022 885 3103 expedita
900 3043 1000 3086 manu
1021 3022 1106 3086 Ara·
1128 3044 1133 3052 ·

103 3124 191 3189 biam
207 3123 312 3206 petiit.
1132 3130 1173 3206 ’ἦ

71 3251 88 3290 2
148 3229 242 3292 Inter
257 3229 339 3292 haec
357 3227 452 3314 Tyrii
474 3248 593 3293 navem
617 3230 849 3314 magnitudine
872 3230 992 3295 eximia
1014 3229 1103 3294 saxis
1119 3231 1158 3292 12

103 3333 294 3415 harenaque
318 3352 337 3395 a
363 3331 466 3414 puppi
492 3342 673 3410 oneratam,
702 3335 749 3398 ita
774 3345 811 3398 ut
839 3335 980 3398 multum
1006 3354 1105 3416 prora

104 3437 276 3512 emineret,
290 3435 454 3500 bitumine
469 3457 508 3501 ac
525 3438 684 3521 sulphure
699 3438 827 3502 inlitam
844 3440 943 3503 remis
961 3439 1105 3503 concita·

100 3547 223 3602 verunt
235 3548 278 3617 et,
297 3560 373 3605 cum
390 3561 548 3627 magnam
571 3542 641 3608 vim
663 3543 760 3608 venti
778 3543 857 3607 uela
877 3563 1012 3624 quoque
1032 3563 1110 3603 eon·

83 3728 127 3763 '¹⁹'
138 3721 167 3768 ἡ
174 3730 291 3787 ww»
300 3740 456 3794 tht'enl,
466 3755 535 3798 easy.
583 3755 617 3796 14.
632 3737 706 3792 coria,
715 3735 795 3780 hides.
837 3731 873 3772 ns.
884 3725 986 3774 inlitam,
994 3716 1119 3763 entered.
