2476 4036
475 162 511 242 Q.
541 161 636 228 Curti
655 165 739 248 Rufi

513 495 595 560 cip.
624 497 699 560 XV.

75 681 86 720 r
151 660 289 726 Interim
313 661 515 737 Alexander,
540 672 577 725 ut
604 673 638 726 et
665 663 931 728 demonstratum
958 687 979 730 a
1005 675 1162 737 trans-56

105 765 187 847 fuga
202 766 394 828 insidiarum
411 766 520 828 locum
538 766 726 830 circumiret
743 777 776 830 et
794 769 914 845 Dareo,
932 769 989 852 qui
1005 790 1111 834 cornu

106 870 270 944 tuebatur,
289 880 485 944 occurreret,
504 890 624 952 agmen
641 870 809 953 obliquum
826 871 981 936 incedere
1004 874 1109 939 iubet.

38 979 41 987 '
74 999 90 1035 2
107 973 236 1035 Dareus
253 994 383 1055 quoque
399 975 514 1037 eodem
533 995 630 1036 suum
644 975 787 1038 obvertit
805 975 909 1039 Besso
924 978 1108 1054 admonito,

106 1086 143 1139 ut
160 1077 370 1158 Massagetas
387 1077 515 1159 equites
540 1077 574 1140 in
598 1077 728 1140 laevum
752 1078 935 1142 Alexandri
959 1101 1064 1145 cornu
1087 1105 1110 1146 a
1150 1098 1163 1138 ὁ

73 1195 89 1247 3
106 1179 208 1242 latere
221 1180 332 1242 invehi
349 1180 486 1244 iuberet.
525 1181 603 1263 Ipse
619 1191 697 1244 ante
714 1202 750 1244 se
766 1182 904 1246 falcatos
921 1199 1039 1248 currus
1055 1186 1111 1249 ha-

106 1284 215 1359 bebat,
240 1305 322 1366 quos
347 1285 442 1366 signo
465 1286 543 1347 dato
567 1285 739 1348 universos
762 1285 796 1348 in
819 1286 951 1359 hostem
975 1289 1106 1354 effudit.

107 1387 265 1450 Ruebant
282 1387 398 1451 laxatis
415 1389 553 1451 habenis
572 1389 716 1470 aurigae,
733 1409 798 1472 quo
822 1389 933 1471 plures
957 1394 1108 1456 nondum

72 1491 187 1553 4satis
211 1491 343 1572 proviso
367 1492 493 1573 impetu
517 1493 717 1555 obtererent.
765 1492 862 1556 Alios
886 1515 966 1576 ergo
989 1496 1108 1560 hastae

106 1595 247 1657 multum
271 1595 358 1658 ultra
380 1604 549 1658 temonem
574 1595 769 1672 eminentes,
794 1597 876 1660 alios
899 1599 942 1662 ab
964 1609 1108 1683 utroque
1135 1620 1161 1660 1⁰

106 1696 210 1761 latere
225 1698 388 1761 demissae
403 1698 507 1762 falces
522 1699 718 1763 laceravere.
766 1701 839 1764 Nee
856 1702 980 1765 sensim
997 1703 1108 1767 Mace-

106 1802 209 1865 dones
227 1804 397 1878 cedebant,
416 1804 475 1865 sed
493 1804 600 1866 effusa
621 1803 700 1886 fuga
723 1806 937 1869 turbaverant
961 1806 1104 1872 ordines.

74 1917 88 1972 5
107 1906 263 1969 Mazaeus
281 1927 411 1989 quoque
427 1908 588 1988 perculsis
604 1918 731 1970 metum
748 1908 888 1972 incussit
905 1909 994 1972 mille
1018 1911 1107 1993 equi-

106 2009 197 2072 tibus
223 2011 264 2072 ad
292 2009 476 2091 diripienda
507 2011 615 2074 hostis
646 2011 874 2093 inpedimenta
904 2013 1106 2077 circumvehi

105 2112 214 2188 iussis,
233 2124 332 2188 ratus,
351 2114 500 2195 captivos
523 2136 663 2197 quoque,
688 2115 744 2197 qui
769 2115 866 2178 simul
889 2117 1107 2180 adservaban·
1133 2140 1160 2180 ιε

105 2225 169 2291 tur,
183 2227 338 2298 rupturos
352 2217 490 2292 vincula,
506 2239 581 2281 cum
596 2239 674 2281 suos
690 2219 993 2302 adpropinquantes
1008 2220 1107 2285 vidis-

73 2334 90 2383 6
107 2330 191 2383 sent.
232 2321 310 2384 Non
326 2319 489 2383 fefellerat
508 2322 768 2397 Parmenionem,
782 2323 837 2404 qui
854 2322 888 2385 in
904 2323 997 2387 laevo
1014 2336 1105 2389 erat:

105 2444 245 2506 propere
268 2424 370 2507 igitur
394 2412 630 2509 Polydamant‘a
653 2425 766 2500 mittit,
785 2425 840 2509 qui
864 2434 898 2489 et
921 2426 1105 2510 periculum

74 2542 89 2595 7
106 2529 298 2591 ostenderet
315 2538 357 2603 et,
376 2528 454 2610 quid
470 2528 541 2591 fieri
564 2528 692 2592 iuberet
716 2551 781 2605 rex,
798 2529 998 2593 consuleret.
1044 2531 1106 2595 Ille

105 2632 218 2694 audito
243 2632 488 2716 Polydamante,
508 2631 614 2707 “Abi,
638 2631 786 2708 nuntia,”
811 2633 928 2716 inquit,
947 2635 1106 2699 “Parme-
1132 2660 1159 2699 no

105 2735 206 2811 nioni,
225 2735 252 2798 si
275 2737 346 2799 acie
368 2735 553 2811 vicerimus,
571 2756 638 2797 non
662 2747 776 2800 nostra
800 2738 907 2801 solum
930 2758 991 2802 nos
1015 2759 1106 2803 recu-

105 2848 287 2921 peraturos,
306 2840 365 2901 sed
381 2839 491 2914 etiam,
505 2859 590 2921 quae
606 2839 752 2902 hostium
770 2851 857 2916 sunt,
873 2851 1102 2923 occupaturos.

72 2943 248 3008 8Proinde
278 2963 345 3005 non
376 2952 437 3018 est,
466 2944 554 3025 quod
584 2943 760 3026 quicquam
791 2945 909 3008 virium
941 2946 1105 3011 subducat

105 3067 146 3110 ex
169 3047 249 3123 acie,
273 3048 340 3124 sed,
367 3055 404 3110 ut
431 3068 485 3110 me
512 3055 546 3110 et
575 3047 727 3130 Philippo
754 3059 848 3130 patre
875 3049 1012 3132 dignum
1041 3060 1103 3126 est,

72 3168 88 3218 9
105 3160 298 3233 contempto
311 3151 512 3215 sarcinarum
526 3152 647 3213 damno
663 3152 795 3215 fortiter
810 3152 976 3216 dimicet.”
1017 3153 1106 3217 Inte·
1133 3180 1160 3220 ns

104 3255 166 3317 rim
183 3255 313 3318 barbari
328 3255 555 3337 inpedimenta
573 3256 789 3319 turbaverant
806 3257 977 3339 caesisque
992 3257 1106 3339 pleris-

104 3380 169 3441 que
183 3360 357 3422 custodum
372 3359 493 3440 captivi
505 3358 646 3422 vinculis
664 3360 779 3441 ruptis,
794 3361 952 3443 quidquid
969 3361 1104 3424 obvium

105 3472 184 3538 erat,
205 3484 270 3545 quo
292 3463 410 3525 armari
432 3473 578 3544 possent,
602 3462 763 3544 arripiunt
785 3474 818 3527 et
840 3463 1012 3546 adgregati
1034 3484 1107 3528 suo-

92 3585 171 3626 rum
187 3567 359 3648 equitibus
375 3567 582 3631 Macedonas
598 3566 737 3648 ancipiti
753 3567 997 3631 circumventos
1018 3567 1105 3632 malo

13 3738 277 3803 ¹'1⁴²¹⁸¹⁸¹z⁹l¹³b²¹¹¹31¹2⁴²·
286 3763 380 3815 alsull
385 3767 465 3818 speed.
492 3782 526 3809 11.
542 3765 639 3815 sensim,
646 3762 791 3816 gradually.
821 3751 1077 3808 improperequiekty.
1097 3762 1194 3797 ‘xa-m

156 3823 279 3874 estquod,
290 3826 367 3870 lbere
376 3832 443 3874 am
453 3846 548 3876 reason
560 3831 629 3884 why.
661 3829 694 3870 28.
711 3820 842 3875 adgregati,
851 3809 1039 3863 havingjoined.
