2476 4036
317 181 547 246 Historiarum
568 183 756 247 Alexandri
776 183 841 259 III,
870 200 916 248 11.
1078 199 1121 266 27
1164 244 1166 248 .

113 373 194 429 ante
209 385 310 430 ausus
326 366 481 450 persequi
502 367 669 442 barbaros,
688 366 854 450 utrimque
870 366 935 430 iam
950 365 1058 432 victor
1074 366 1121 431 in-

114 480 204 534 stare
219 467 427 552 fugientibus
444 471 561 552 coepit.
611 471 714 534 Haud
730 471 872 552 amplius
890 491 1003 553 regem
1021 493 1118 554 quam
1141 494 1170 548 ¹7

114 573 204 636 mille
220 573 350 656 equites
370 575 603 656 sequebantur,
622 595 698 637 cum
715 573 834 656 ingens
852 575 1031 639 multitudo
1047 577 1121 640 hos-

113 677 198 740 tium
221 679 363 741 cederet.
413 677 480 741 Sed
503 677 577 760 quis
600 687 657 740 aut
682 677 717 740 in
738 678 877 743 victoria
901 689 959 742 aut
984 680 1018 742 in
1040 682 1121 764 fuga

72 801 86 840 s
114 781 226 864 copias
265 782 441 845 numerat?
492 781 693 864 Agebantur
731 802 810 864 ergo
844 804 864 847 a
898 794 967 846 tam
1005 785 1120 866 paucis

113 906 270 967 pecorum
297 887 394 948 modo
420 894 454 948 et
481 884 569 948 idem
595 895 716 961 metus,
741 886 798 969 qui
823 889 964 969 cogebat
991 887 1117 970 fugere,

113 989 282 1073 fugientes
299 992 499 1053 morabatur.
547 989 598 1052 At
616 990 745 1065 Graeci,
764 991 820 1072 qui
845 991 879 1053 in
898 991 999 1054 Darei
1022 993 1120 1074 parti·
1141 1008 1170 1059 18

91 1094 176 1160 .bus
200 1103 372 1170 steterant,
391 1094 543 1178 Amynta
558 1094 840 1175 duce—praetor
864 1095 917 1159 hic
938 1095 1118 1159 Alexandri

112 1198 230 1273 fuerat,
247 1207 328 1261 tunc
344 1196 716 1280 transfuga—abrupti
739 1218 759 1261 a
783 1198 903 1262 ceteris
926 1199 1014 1262 haud
1039 1220 1119 1263 sane

60 1321 88 1360 ιο
112 1302 320 1385 fugientibus
343 1302 469 1364 similes
492 1311 676 1365 evaserant.
729 1301 866 1366 Barbari
893 1302 994 1384 longe
1016 1303 1119 1366 diver·
1139 1328 1169 1378 19

112 1423 183 1470 sam
218 1406 333 1488 fugam
363 1405 600 1469 intenderunt:
638 1405 703 1481 alii,
736 1426 801 1488 qua
831 1415 960 1469 rectum
991 1405 1055 1469 iter
1084 1406 1117 1469 in
1150 1472 1151 1475 ,

113 1509 282 1574 Persidem
309 1509 461 1584 ducebat,
486 1509 620 1592 quidam
647 1509 788 1573 circuitu
816 1529 916 1592 rupes
947 1510 1118 1592 saltusque

113 1614 275 1677 montium
299 1613 448 1677 occultos
471 1612 628 1695 petivere,
646 1613 742 1696 pauci
763 1623 873 1677 castra
891 1613 1002 1678 Darei.
1050 1614 1116 1678 Sed
1137 1638 1169 1674 20

113 1718 178 1782 iam
202 1717 257 1781 illa
279 1738 410 1800 quoque
433 1717 540 1782 victor
563 1717 752 1792 intraverat,
771 1717 861 1781 omni
884 1716 1018 1799 quidem
1041 1738 1119 1800 opu-

61 1840 88 1881 15
113 1822 216 1887 lentia
230 1821 321 1884 ditia.
365 1821 491 1903 Ingens
507 1821 578 1885 auri
594 1821 791 1903 argentique
807 1822 947 1903 pondus,
961 1841 1028 1884 non
1040 1822 1118 1885 belli

113 1927 172 1990 sed
187 1924 336 1989 luxuriae
352 1935 556 2007 apparatum,
571 1925 776 2006 diripuerant
793 1925 924 1997 milites.
967 1925 1118 2008 Cumque

113 2030 187 2112 plus
204 2039 367 2112 raperent,
381 2051 480 2112 quam
492 2041 602 2111 capere
610 2040 751 2110 possent,
766 2028 890 2110 passim
904 2039 1008 2092 strata
1024 2038 1117 2092 erant

113 2134 233 2198 itinera
253 2134 424 2198 vilioribus
449 2133 597 2207 sarcinis,
616 2153 698 2214 quas
722 2132 756 2195 in
781 2133 1029 2215 comparatione
1053 2153 1119 2196 me-

113 2229 232 2303 liorum
262 2239 401 2301 avaritia
427 2246 685 2320 contempserat.
748 2237 885 2319 Iamque
908 2238 949 2300 ad
975 2235 1117 2300 feminas
1136 2261 1165 2298 21

62 2363 88 2402 m
113 2352 309 2424 perventum
333 2351 414 2416 erat,
432 2341 552 2424 quibus
569 2361 635 2423 quo
660 2340 785 2405 cariora
808 2350 1005 2404 ornamenta
1027 2352 1116 2417 sunt,

113 2446 291 2509 violentius
315 2446 597 2509 detrahebantur:
628 2465 670 2507 ne
696 2445 887 2526 corporibus
911 2445 1044 2527 quidem
1067 2445 1117 2508 vis

113 2571 152 2614 ac
168 2550 268 2614 libido
284 2552 450 2632 parcebat.
500 2549 602 2615 Omni
627 2549 763 2631 planctu
780 2549 1002 2631 tumultuque,
1020 2558 1116 2630 prout
1137 2573 1168 2610 22

114 2653 233 2736 cuique
248 2651 382 2718 fortuna
398 2664 478 2730 erat,
497 2663 607 2724 castra
623 2653 838 2734 repleverant,
854 2673 915 2717 nec
931 2652 998 2715 ulla
1013 2652 1117 2716 facies

113 2758 192 2822 mali
203 2759 326 2834 deerat,
338 2780 413 2822 cum
426 2779 487 2841 per
498 2778 614 2821 omnes
628 2757 760 2820 ordines
777 2766 970 2839 aetatesque
982 2755 1117 2821 victoris

63 2884 89 2924 as
114 2863 292 2926 crudelitas
308 2883 346 2927 ac
362 2862 497 2926 licentia
511 2871 696 2944 vagaretur.
746 2863 844 2926 Tunc
866 2881 944 2924 vero
968 2860 1118 2943 inpoten-
1137 2885 1167 2936 ²3

114 2967 159 3030 tis
174 2966 329 3030 fortunae
345 2968 474 3049 species
491 2966 640 3048 conspici
656 2965 775 3048 potuit,
795 2985 870 3028 cum
887 2964 919 3039 ii,
933 2965 989 3047 qui
1006 2965 1130 3029 Dareo.

115 3071 365 3135 tabernaculum
390 3079 639 3144 exornaverant,
665 3068 755 3131 omni
786 3069 865 3131 luxu
890 3079 924 3132 et
948 3069 1118 3150 opulentia

115 3174 326 3251 instructum,
339 3176 452 3237 eadem
467 3174 522 3236 illa
534 3173 736 3247 Alexandm,
748 3172 842 3254 quasi
854 3173 959 3236 veteri
972 3173 1114 3250 domin0,

116 3279 339 3343 reservabant.
388 3279 542 3359 Namque
563 3277 597 3339 id
618 3277 724 3339 solum
748 3275 911 3339 intactum
936 3276 1116 3340 omiserant

65 3406 91 3446 so
116 3383 239 3446 milites
255 3382 302 3444 ita
317 3381 438 3444 tradito
455 3401 555 3455 more,
573 3389 611 3442 ut
627 3380 786 3442 victorem
802 3380 882 3443 victi
900 3380 989 3462 regis
1012 3381 1117 3443 taber-

65 3486 236 3551 29naculo
258 3484 458 3566 exciperent.
508 3483 574 3547 Sed
598 3483 744 3545 omnium
777 3484 891 3548 oculos
922 3484 1115 3565 animosque
1135 3509 1168 3559 24

113 3589 148 3652 in
165 3598 273 3653 semet
288 3597 480 3654 averterant
496 3587 648 3673 captivae
661 3597 769 3668 mater
785 3587 974 3668 coniuxque
994 3587 1122 3647 Daseia

214 3793 251 3823 2²·
263 3793 342 3838 prout,
351 3787 492 3845 according
497 3803 537 3834 as.
592 3802 631 3843 ²3·
644 3779 867 3834 ledesmal'njom
875 3775 899 3828 of
907 3769 1066 3821 missorium·
