2476 4036
321 191 549 257 Historiarum
572 190 758 283 Alexandri
779 191 843 267 ΙΙΙ,
874 208 919 254 11.
1103 201 1143 271 25

140 373 324 441 Subductis
341 375 466 440 deinde
479 397 520 438 ex
538 376 610 439 acie
626 374 799 440 Thessalis
816 374 983 457 equitibus
999 373 1145 456 praeiec-
1162 393 1182 446 3

138 487 212 544 tum
237 499 350 543 eorum
377 479 508 543 occulte
532 480 707 543 circumire
731 489 862 560 tergum
890 498 1025 540 suorum
1051 477 1144 541 iubet

141 583 418 666 Parmenionique
443 583 600 664 coniungi
625 591 668 657 et,
694 582 782 665 quod
809 583 837 644 is
867 581 1073 662 imperasset,
1098 581 1146 643 in-

139 687 234 771 pigre
257 688 384 770 exequi.
434 686 573 768 lamque
597 685 726 749 inmissi
749 685 783 748 in
806 685 952 748 medium
969 685 1179 752 Persarum4

101 808 114 848 ⁶
140 791 288 874 undique
327 788 519 854 circumfusi
559 790 693 873 egregie
724 812 829 873 regem
863 791 1053 864 tuebantur,
1085 790 1145 852 sed

140 895 283 960 conferti
302 903 336 958 et
360 895 454 977 quasi
478 895 698 958 cohaerentes
722 894 790 956 tela
811 895 941 957 vibrare
964 914 1031 957 non
1054 903 1146 975 pote-

140 1009 235 1063 rant:
266 998 364 1062 simul
396 1008 491 1062 erant
524 998 655 1072 emissa,
682 998 716 1060 in
747 999 882 1061 eosdem
913 997 1146 1061 concurrentia

140 1102 386 1184 inplicabantur
407 1102 538 1185 levique
561 1111 596 1164 et
621 1122 707 1164 vano
730 1102 796 1165 ictu
819 1121 924 1184 pauca
946 1101 980 1164 in
1000 1102 1142 1177 hostem,

140 1206 235 1289 plura
257 1206 291 1269 in
315 1207 452 1269 humum
473 1205 607 1269 innoxia
628 1207 801 1270 cadebant.
849 1206 940 1287 Ergo
957 1205 1144 1269 comminus

88 1324 115 1368 io
140 1329 288 1393 pugnam
316 1309 423 1373 coacti
450 1329 626 1373 conserere
652 1309 780 1392 gladios
806 1309 935 1391 inpigre
962 1308 1142 1391 stringunt.

140 1413 229 1477 Tum
244 1433 323 1476 vero
340 1413 482 1476 multum
503 1413 676 1495 sanguinis
697 1410 808 1475 iusum
825 1422 897 1476 est:
920 1413 1005 1475 duae
1021 1413 1144 1494 quippe
1162 1429 1177 1487 ς

140 1516 230 1581 acies
253 1516 300 1580 ita
320 1517 552 1592 cohaerebant,
578 1526 615 1579 ut
640 1517 741 1580 armis
764 1536 856 1578 arma
878 1516 1058 1599 pulsarent,
1077 1537 1146 1579 mu-

78 1675 88 1685 ,
141 1640 260 1685 crones
287 1621 322 1682 in
345 1640 403 1683 ora
424 1621 616 1703 dirigerent.
665 1621 744 1682 Non
773 1620 899 1696 timido,
925 1641 991 1684 non
1023 1619 1144 1703 ignavo

140 1744 272 1790 cessare
294 1734 366 1787 tum
392 1724 506 1788 licuit:
531 1724 652 1788 collato
675 1725 769 1806 pede,
793 1725 888 1807 quasi
912 1724 1033 1807 singuli
1056 1724 1146 1788 inter

88 1847 115 1890 u
142 1848 178 1893 se
201 1827 407 1902 dimicarent,
425 1828 459 1890 in
484 1829 602 1891 eodem
626 1827 769 1910 vestigio
792 1829 935 1904 stabant,
953 1830 1060 1892 donec
1076 1830 1145 1892 vin-

141 1933 247 1997 cendo
270 1933 379 1995 locum
404 1932 466 1994 sibi
490 1932 649 1996 facerent.
698 1933 786 1995 Tum
809 1933 942 2010 demum
968 1953 1048 2015 ergo
1073 1946 1179 2015 pro-6

141 2037 320 2100 movebant
346 2037 495 2119 gradum,
522 2057 597 2099 cum
626 2037 759 2099 hostem
789 2047 1046 2118 prostraverant.
1093 2037 1144 2100 At

141 2140 215 2204 illos
239 2161 345 2204 novus
370 2140 555 2222 excipiebat
579 2140 790 2203 adversarius
812 2140 981 2222 fatigatos,
1001 2162 1063 2205 nec
1077 2143 1145 2204 vul-

141 2244 257 2319 nerati,
283 2253 319 2306 ut
342 2244 422 2307 alias
446 2244 564 2319 solent,
589 2244 660 2307 acie
687 2253 842 2326 poterant
873 2246 1042 2320 excedere,
1067 2266 1143 2309 cum

90 2349 127 2411 27
141 2348 248 2411 hostis
265 2348 404 2411 instaret
421 2368 440 2410 a
454 2348 576 2422 fronte,
592 2368 611 2411 a
626 2358 721 2430 tergo
738 2348 789 2411 sui
801 2359 967 2431 urgerent.
1003 2349 1145 2413 Alexan·
1162 2366 1178 2420 7

90 2469 116 2509 a
141 2453 200 2515 der
215 2472 282 2515 non
299 2451 392 2515 ducis
409 2452 514 2534 magis
533 2473 630 2535 quam
649 2452 763 2515 militis
779 2453 894 2516 munia
908 2455 1143 2536 exequebatur,

141 2555 289 2638 opimum
313 2557 415 2619 decus
439 2576 536 2619 caeso
561 2576 639 2639 rege
663 2566 844 2638 expetens:
867 2557 989 2639 quippe
1013 2556 1144 2620 Dareus

142 2679 240 2723 curru
264 2659 415 2722 sublimis
441 2661 618 2735 eminebat,
632 2671 678 2722 et
702 2660 771 2723 suis
795 2661 837 2724 ad
867 2681 903 2724 se
927 2661 1086 2724 tuendum
1110 2671 1145 2724 et

141 2764 295 2832 hostibus
310 2764 352 2826 ad
368 2763 601 2827 incessendum
618 2765 738 2848 ingens
751 2765 1014 2828 incitamentum.
1055 2766 1145 2847 Ergo
1163 2781 1180 2832 8

91 2886 117 2928 aa
141 2867 246 2930 irater
267 2869 339 2931 eius
357 2867 532 2944 Oxathres,
553 2890 628 2932 cum
646 2868 873 2932 Alexandrum
892 2869 1018 2932 instare
1034 2869 1063 2932 ei
1080 2890 1147 2932 cer-

142 2982 247 3048 neret,
272 2972 411 3054 equites,
437 2974 557 3055 quibus
583 2984 743 3055 praeerat,
769 2983 848 3036 ante
874 2973 984 3054 ipsum
1011 2993 1146 3036 currum

142 3076 231 3159 regis
248 3076 379 3140 obiecit.
428 3077 543 3140 Armis
564 3087 597 3141 et
622 3079 740 3141 robore
763 3078 909 3159 corporis
932 3077 1073 3140 multum
1095 3098 1147 3140 su-

142 3200 202 3263 per
223 3190 353 3244 ceteros
370 3181 530 3257 eminens,
549 3181 659 3244 animo
675 3202 754 3251 vero
773 3191 807 3244 et
831 3182 956 3263 pietate
979 3181 1012 3243 in
1031 3180 1145 3263 paucis

142 3282 294 3367 insignis,
324 3285 380 3347 illo
411 3285 526 3368 utique
556 3286 682 3368 proelio
713 3285 830 3361 clarus,
862 3285 944 3348 alios
974 3285 1146 3366 inprovide

90 3409 118 3450 so
142 3386 309 3451 instantes
347 3389 535 3472 prostravit,
568 3390 651 3453 alios
688 3389 722 3452 in
760 3390 874 3471 fugam
912 3389 1041 3452 avertit.
1095 3387 1180 3456 At9

143 3492 355 3568 Macedones
382 3493 441 3575 qui
469 3493 556 3556 circa
587 3513 700 3576 regem
727 3502 830 3568 erant,
856 3503 973 3556 mutua
998 3495 1147 3555 adhorta-

141 3594 234 3658 tione
248 3597 372 3661 firmati
390 3618 467 3663 cum
483 3597 610 3682 ipsein
627 3597 784 3683 equiturn
801 3617 931 3679 agmen
942 3597 1160 3669 inanesque.

69 3792 92 3833 5·
106 3780 426 3842 &mmsudmurrounded
455 3813 480 3854 7.
496 3797 765 3848 simul=stmulaiqne
792 3805 829 3844 aq.
842 3772 1115 3836 ahasffitothertims-
1138 3769 1179 3794 ‘²‘-

640 3863 737 3908 distica.

1185 3765 1238 3790 w
