2476 4036
112 156 153 217 82
479 152 517 233 Q.
545 151 642 219 Curti
662 152 746 237 Rufi

62 357 95 407 24
112 345 347 419 corrumperet,
365 346 487 420 potens
509 336 573 400 mei
597 356 664 400 non
686 301 798 401 eram:
821 356 910 400 nunc
931 353 1011 400 vero
1035 333 1119 418 quid

111 452 268 516 metuam,
286 461 361 504 cum
378 441 448 505 acie
464 442 642 504 decernere
658 439 777 522 paret?
823 439 981 515 Hercule,
998 447 1119 502 votum

111 565 224 609 meum
249 545 395 627 inplevit.
445 544 513 608 Sed
544 544 642 607 huius
673 543 802 607 consilii
833 552 951 625 postea
980 562 1119 625 quoque

62 670 93 724 25
111 649 195 712 ratio
219 650 384 712 reddetur.
431 648 503 712 Vos
534 647 581 711 ite
611 648 653 711 ad
684 646 805 729 copiaS,
822 647 942 731 quibus
973 645 1119 729 quisque

111 763 241 835 praeest
258 777 265 820 :
282 773 345 835 ego
362 752 426 815 iarn
443 753 542 815 adero
558 762 601 826 et,
614 751 692 833 quid
709 751 781 814 fieri
796 750 903 825 velim,
916 748 1116 831 exponam.''
1155 768 1167 808 ε

113 858 203 920 Raro
242 858 418 920 admodum
450 856 621 920 admonitu
652 855 759 938 magis
789 854 980 929 amicorum,
1013 854 1117 935 quain

66 1026 72 1041 ,
111 970 203 1024 metu
227 961 426 1025 discriminis
450 960 593 1023 adeundi
617 961 743 1024 thorace
757 959 806 1022 uti
830 958 967 1022 solebat.
1015 957 1117 1022 Tunc

111 1085 242 1148 quoque
280 1065 488 1127 munimento
527 1064 673 1145 corporis
712 1072 846 1145 sumpto
876 1061 1040 1144 processit
1071 1063 1117 1127 ad

111 1169 242 1233 milites.
292 1169 392 1232 Haud
408 1168 488 1231 alias
513 1177 581 1231 tam
605 1168 747 1232 alacrem
763 1168 915 1230 viderant
938 1185 1052 1248 regem
1078 1176 1115 1229 et

111 1272 206 1336 vultu
234 1271 305 1336 eius
332 1271 484 1335 interrito
511 1281 636 1336 certam
665 1291 759 1353 spem
783 1270 944 1334 victoriae
973 1288 1116 1352 augura·
1140 1289 1166 1329 ιο

112 1378 241 1440 bantur.

63 1490 95 1539 26
156 1480 272 1563 Atque
287 1479 343 1543 ille
352 1489 495 1562 proruto
506 1479 591 1542 vallo
607 1479 696 1543 exire
706 1479 818 1562 copias
835 1478 927 1543 iubet
938 1476 1113 1561 aciemque
1127 1484 1166 1546 50

111 1584 265 1665 disponit.
315 1585 354 1647 In
376 1584 493 1647 dextro
515 1604 617 1648 cornu
641 1583 741 1648 locati
766 1593 844 1647 sunt
870 1582 1009 1666 equites,
1027 1603 1113 1665 quos

111 1708 229 1770 agema
259 1687 489 1769 appellabant:
511 1696 661 1769 praeerat
692 1688 745 1751 his
777 1687 894 1762 Clitus,
919 1686 973 1750 cui
1002 1685 1113 1750 iunxit

113 1792 262 1854 Philotae
277 1800 413 1867 turmas,
431 1801 626 1874 ceterosque
647 1792 833 1874 praefectos
850 1790 998 1874 equitum
1013 1789 1112 1854 lateri
1139 1807 1166 1848 ιε

63 1912 95 1965 27
112 1895 183 1958 eius
210 1894 376 1977 adplicuit.
438 1895 567 1960 Ultima
598 1895 758 1978 Meleagri
788 1895 840 1958 ala
871 1894 980 1957 stabat
1011 1914 1111 1977 quam

112 1999 254 2081 phalanx
285 1999 493 2081 sequebatur,
526 2008 602 2081 post
632 1999 831 2081 phalangem
862 1997 1112 2082 Argyraspides

63 2113 95 2163 28
112 2113 225 2167 erant:
249 2102 300 2166 his
324 2103 479 2178 Nicanor,
498 2102 724 2166 Parmenionis
747 2103 845 2178 filius,
862 2111 1020 2184 praeerat.
1070 2102 1112 2165 In
1152 2090 1155 2094 Α

112 2207 267 2271 subsidiis
299 2227 374 2270 cum
399 2227 500 2270 manu
524 2226 584 2270 sua
607 2206 748 2282 Coenos
766 2216 842 2289 post
866 2226 942 2269 eum
967 2205 1112 2270 Orestae

113 2311 368 2394 Lyncestaeque
392 2320 481 2374 sunt·
486 2311 599 2394 positi,
618 2320 693 2392 post
710 2310 782 2373 illos
807 2309 1020 2394 Polypercon,
1037 2318 1111 2374 tum
1138 2329 1165 2370 m

111 2414 279 2497 peregrini
304 2414 447 2479 milites:
470 2414 568 2477 huius
596 2414 737 2497 agminis
762 2413 917 2496 princeps
942 2413 1113 2497 Amyntas

111 2520 234 2594 aberat,
262 2517 432 2600 Philippus
457 2518 584 2583 Balacri
608 2538 664 2581 eos
690 2519 827 2600 regebat
855 2517 889 2580 in
916 2517 1113 2582 societatem

28 2639 94 2696 '29
113 2642 219 2703 nuper
234 2621 388 2686 adscitos,
437 2623 533 2686 Haec
556 2622 663 2684 dextri
680 2642 800 2685 comus
823 2621 926 2685 facies
942 2630 1022 2685 erat.
1071 2622 1111 2685 In

111 2727 204 2789 laevo
218 2725 376 2789 Craterus
388 2725 666 2808 Peloponnesium
678 2726 808 2808 equites
825 2726 968 2789 habebat
981 2724 1113 2789 Achae-

111 2849 205 2892 orum
216 2837 249 2892 et
262 2829 481 2892 Locrensium
494 2838 527 2892 et
541 2829 686 2892 Malieon
698 2829 817 2892 turmis
832 2828 923 2913 [sibi]
934 2829 1108 2893 adiunctis.
1137 2850 1164 2890 u

113 2934 187 2996 Hos
224 2932 380 2996 Thessali
418 2933 548 3015 equites
587 2933 785 2996 claudebant
826 2933 976 3015 Philippo
1016 2934 1111 2998 duce.

61 3055 94 3104 30
113 3036 263 3099 Peditum
280 3037 368 3100 acies
385 3037 535 3119 equitatu
552 3038 735 3119 tegebatur.
772 3037 880 3101 Frons
892 3036 978 3101 laevi
991 3057 1112 3101 cornus

111 3140 193 3203 haec
217 3150 296 3203 erat.
355 3141 422 3205 Sed
447 3161 489 3203 ne
521 3140 684 3204 circumiri
707 3151 822 3222 posset
845 3163 865 3205 a
887 3141 1110 3218 multitudine,

112 3244 265 3307 ultimum
283 3265 403 3326 agmen
415 3244 523 3307 valida
536 3265 634 3307 manu
649 3244 804 3310 cinxerat.
837 3245 971 3309 Cornua
980 3265 1112 3327 quoque

112 3348 269 3411 subsidiis
286 3348 428 3411 firmavit
445 3369 511 3410 non
529 3357 620 3411 recta
634 3349 755 3427 fronte,
770 3351 828 3412 sed
840 3348 1110 3431 alaterepositiS,
1137 3371 1165 3412 ao

111 3463 158 3528 ut,
183 3452 211 3516 si
236 3451 342 3516 hostis
367 3451 607 3516 circumvenire
633 3452 739 3533 aciem
766 3462 973 3535 temptasset,
998 3449 1114 3535 parata

52 3579 92 3624 51
99 3577 243 3637 pugnae
262 3556 384 3620 forent.
434 3556 503 3620 Hic
527 3556 669 3641 Agriani
700 3565 804 3632 erant,
821 3557 942 3640 quibus
973 3555 1113 3621 Attalus

20 3730 257 3798 ''mmo‘ffl
286 3763 309 3804 7·
324 3749 427 3805 thorace,
438 3756 552 3800 correlet.
582 3768 616 3806 14.
634 3741 905 3804 agema,“theg¹⁴⁰rd·”
933 3737 1191 3784 ”Mlmlfflffiw

478 3834 515 3876 ²⁵·
532 3819 654 3870 Malieon,
663 3828 717 3870 zen·
727 3813 760 3866 Pl·
