2476 4036
144 156 180 201 12
507 141 547 223 Q
577 139 672 204 Curti
693 141 775 224 Rufi

138 342 203 404 que
218 322 368 385 futurum
384 333 485 399 ratus,
504 323 532 386 si
548 324 751 388 ostendisset
768 325 846 401 suis,
863 324 929 389 levi
945 333 979 390 et
1000 328 1140 409 parabili

138 427 230 490 cultu
265 426 411 507 corporis
444 446 482 489 se
515 446 589 490 esse
627 431 1072 494 contentum—descendit
1105 433 1140 496 in

105 544 120 593 3
137 530 270 593 flumen.
317 529 448 612 Vixque
465 530 607 612 ingressi
626 532 737 595 subito
754 534 890 596 horrore
912 543 1005 597 artus
1029 535 1140 618 rigere

137 644 329 717 coeperunt,
348 635 452 716 pallor
467 635 587 699 deinde
605 638 754 700 suffusus
772 647 823 701 est
840 647 874 700 et
898 646 1006 701 totum
1023 660 1140 723 prope-

103 756 120 802 4
137 741 270 802 modum
287 760 406 822 corpus
422 740 531 803 vitalis
548 741 636 804 calor
651 742 756 824 liquit.
804 742 978 824 Expiranti
994 743 1137 808 similem
1179 761 1191 800 ⁶

136 843 280 906 ministri
304 865 403 907 manu
420 845 591 926 excipiunt
616 865 678 908 nec
702 846 783 909 satis
802 857 990 928 compotem
1013 851 1137 913 mentis

136 946 170 1009 in
209 949 459 1011 tabernaculum
491 947 654 1012 deferunt.
712 951 837 1032 Ingens
876 952 1064 1016 sollicitudo
1102 966 1137 1018 et

104 1072 117 1124 5
135 1071 241 1132 paene
265 1052 329 1115 iam
352 1052 463 1116 luctus
484 1053 518 1114 in
538 1053 656 1116 castris
673 1063 753 1118 erat.
802 1055 940 1119 Flentes
957 1058 1150 1139 quereban?

135 1163 198 1230 tur,
216 1155 251 1217 in
267 1166 361 1219 tanto
378 1157 504 1238 impetu
520 1177 685 1240 cursuque
701 1178 812 1220 rerum
828 1160 937 1223 omnis
961 1161 1081 1224 aetatis
1097 1182 1136 1226 ac

135 1260 312 1324 memoriae
328 1261 547 1324 clarissimum
570 1281 683 1343 regem
701 1263 817 1325 nonin
835 1264 905 1326 acie
922 1265 1049 1340 saltem,
1067 1287 1134 1329 non
1162 1281 1189 1320 1⁰

135 1365 176 1426 ab
192 1364 289 1427 hoste
305 1364 481 1439 deiectum,
500 1365 559 1427 sed
579 1364 770 1429 abluentem
795 1387 880 1447 aqua
903 1388 1021 1448 corpus
1046 1389 1135 1451 erep-

102 1476 206 1529 6tum
231 1488 305 1531 esse
329 1479 362 1531 et
386 1468 578 1531 extinctum.
629 1469 761 1532 Instare
785 1470 943 1543 Dareum,
962 1471 1131 1546 victorem,

135 1580 312 1654 antequam
328 1572 466 1634 vidisset
489 1571 630 1634 hostem.
679 1571 750 1635 Sibi
767 1572 901 1634 easdem
918 1581 1031 1645 terras,
1049 1593 1131 1651 quas

134 1676 274 1739 victoria
304 1683 547 1758 peragrassent,
573 1675 791 1756 repetendas:
823 1673 935 1735 omnia
958 1682 1015 1735 aut
1040 1673 1130 1753 ipsos

134 1789 191 1842 aut
215 1780 330 1842 hostes
354 1779 548 1861 populatos:
572 1798 632 1858 per
646 1787 757 1840 vastas
777 1776 981 1851 solitudines,
1001 1776 1130 1839 etiamsi
1157 1792 1182 1831 1⁶

135 1903 234 1945 nemo
250 1883 381 1965 insequi
396 1882 484 1957 velit,
499 1891 618 1944 euntes
634 1881 723 1944 fame
739 1891 839 1962 atque
851 1879 963 1960 inopia
975 1881 1132 1945 debellari

104 2007 241 2068 7p0sse.
290 1987 399 2068 Quem
427 1987 558 2067 signum
587 1985 743 2048 daturum
769 1983 1001 2066 fugientibus?
1033 2006 1132 2067 quem

135 2111 291 2153 ausurum
315 2080 507 2152 Alexandro
531 2089 733 2151 succedere?
779 2089 849 2150 lam
873 2097 910 2151 ut
934 2089 977 2151 ad
1005 2089 1135 2151 Helles-

134 2203 275 2276 pontum
309 2193 389 2275 fuga
418 2193 634 2274 penetrarint,
667 2192 816 2266 classem,
849 2211 914 2273 qua
950 2201 1131 2268 transeant,

102 2318 234 2380 squem
254 2297 550 2380 praeparaturum?
596 2297 727 2359 Rursus
750 2296 784 2358 in
807 2295 915 2377 ipsum
939 2316 1053 2378 regem
1078 2296 1145 2384 mi3
1160 2313 1185 2351 2⁰

135 2401 313 2465 sericordia
341 2421 437 2464 versa
467 2400 559 2463 illum
597 2400 712 2462 florem
750 2400 914 2475 iuventae,
948 2401 1036 2463 illam
1066 2401 1133 2463 vim

135 2505 245 2581 animi,
271 2506 413 2568 eundem
444 2524 557 2586 regem
581 2513 615 2566 et
639 2503 899 2567 commilitonem
922 2505 1033 2567 divelli
1056 2525 1075 2567 a
1098 2525 1135 2567 se

101 2628 117 2678 9
135 2619 169 2672 et
192 2608 344 2690 abrumpi
366 2609 567 2672 inmemores
586 2607 638 2673 sui
654 2608 886 2690 querebantur.
936 2609 1030 2671 Inter
1051 2610 1134 2671 haec
1149 2601 1185 2662 13

134 2714 270 2777 liberius
301 2733 411 2775 meare
442 2711 579 2793 spiritus
612 2722 766 2792 coeperat
804 2712 1044 2794 adlevabatque
1078 2732 1136 2774 rex

134 2818 248 2881 oculos
279 2826 312 2880 et
347 2816 505 2898 paulatim
539 2816 701 2878 redeunte
735 2814 845 2878 animo
880 2815 1134 2878 circumstantes
1161 2833 1187 2873 as

134 2921 259 2986 amicos
282 2929 482 3002 agnoverat:
505 2919 678 3001 laxataque
694 2919 744 2981 vis
764 2919 870 2981 morbi
890 2921 932 2982 ob
948 2920 1011 2982 hoc
1028 2919 1134 2982 solum

88 3054 119 3090 10
134 3025 318 3098 videbatur,
336 3023 412 3106 quia
428 3023 692 3105 magnitudinem
710 3022 786 3085 mali
803 3023 979 3086 sentiebat.
1019 3023 1135 3085 Animi

71 3123 74 3129 ’
135 3139 247 3193 autem
279 3128 453 3210 aegritudo
484 3147 604 3208 corpus
635 3128 806 3209 urguebat,
835 3127 957 3209 quippe
988 3127 1135 3190 Dareum

135 3234 253 3316 quinto
269 3232 324 3296 die
339 3232 373 3295 in
390 3231 507 3296 Cilicia
521 3232 593 3295 fore
608 3231 832 3294 nuntiabatur.
879 3230 1039 3294 Vinctum
1057 3252 1135 3313 ergo

136 3358 173 3401 se
197 3337 283 3400 tradi
307 3346 341 3400 et
368 3345 497 3399 tantam
521 3335 692 3399 victoriam
719 3335 800 3416 eripi
828 3334 891 3397 sibi
916 3355 957 3397 ex
984 3335 1135 3397 manibus
1162 3353 1189 3393 ao

136 3443 342 3523 obscuraque
358 3449 392 3503 et
415 3439 554 3523 ignobili
578 3449 684 3502 morte
704 3438 737 3500 in
755 3438 969 3502 tabernaculo
986 3439 1136 3519 extingui

89 3569 117 3606 ιι
137 3566 174 3611 se
188 3546 398 3629 querebatur.
445 3543 680 3626 Admissisque
699 3541 814 3605 amicis
837 3542 961 3624 pariter
982 3562 1021 3605 ac
1037 3542 1137 3605 medi·

49 3728 414 3787 “wffllimtbmcureae
469 3754 492 3794 3.
508 3737 589 3793 rigere,
600 3740 692 3794 stiffen.
746 3739 769 3780 6,
784 3721 1224 3789 eom-potemmentisstmviugcontrol.

161 3790 432 3851 ⁴‘'lm'‘l'dealeaume.
488 3803 627 3858 18.iamut,
637 3818 700 3850 even
709 3801 813 3856 though.
869 3813 905 3852 aa·
918 3795 1138 3842 mammam&
