2476 4036
340 195 569 258 Histon'arum
591 193 778 256 Alexandri
797 192 862 268 III,
892 208 916 255 1.
1042 228 1050 233 -
1112 206 1130 272 3

130 378 253 442 Incolis
285 378 405 444 deinde
439 377 703 453 adfirmantibus,
735 377 859 440 editam
892 395 967 438 esse
999 376 1131 438 oraculo
1153 393 1182 442 16

129 493 262 559 sortem,
283 482 388 546 Asiae
410 483 605 565 potiturum,
628 483 684 565 qui
707 479 938 562 inexplicabile
960 478 1131 542 vinculum

129 588 293 663 solvisset,
312 587 431 670 cupido
448 588 584 652 incessit
605 587 716 649 animo
732 586 832 649 sortis
849 585 921 647 eius
938 583 1129 665 explendae.

130 690 227 755 Circa
248 694 362 775 regem
381 702 452 757 erat
473 703 508 757 et
534 693 702 777 Phrygum
725 692 824 755 turba
839 700 873 753 et
896 690 1130 765 Macedonum,
1154 724 1183 775 17

90 817 103 856 s
129 794 185 858 illa
200 797 431 878 expectatione
447 817 620 879 suspensa,
639 797 721 859 haec
738 795 881 859 sollicita
896 815 936 858 ex
957 794 1133 857 temeraria

129 899 218 982 regis
242 901 381 964 fiducia:
412 901 534 982 quippe
559 901 645 963 serie
663 899 869 963 vinculorum
893 900 940 962 ita
962 899 1130 973 adstricta,

129 1012 176 1078 ut,
209 1004 298 1066 unde
328 1024 433 1067 nexus
470 1004 632 1086 inciperet
663 1025 770 1086 quove
800 1024 837 1067 se
868 1005 1037 1078 conderet,
1070 1023 1132 1066 nec

129 1107 257 1200 ratione
284 1128 347 1172 nec
374 1108 447 1171 visu
475 1107 619 1190 perspici
645 1118 768 1190 posset,
798 1107 926 1171 solvere
952 1108 1132 1189 adgressus

130 1209 290 1274 iniecerat
307 1232 419 1274 curam
436 1211 476 1286 ei,
494 1232 537 1275 ne
560 1212 594 1274 in
613 1232 711 1274 omen
727 1220 915 1275 verteretur
935 1211 1065 1274 irritum
1087 1211 1134 1273 in-

79 1337 105 1376 10
130 1323 272 1396 ceptum.
322 1315 382 1379 Ille
399 1336 608 1399 nequaquam
624 1316 681 1379 diu
696 1315 842 1379 luctatus
858 1337 934 1379 cum
950 1316 1132 1379 latentibus
1154 1328 1184 1377 18

130 1418 236 1493 nodis,
267 1417 421 1494 “Nihil’'
453 1418 570 1501 inquit,
601 1424 621 1453 “
631 1419 779 1494 interest,
811 1420 977 1501 quomodo
1008 1419 1134 1482 solvan-

129 1520 231 1585 tur”:
258 1521 433 1604 gladioque
456 1523 562 1605 ruptis
587 1523 741 1586 omnibus
764 1522 844 1585 loris
864 1522 987 1586 oraculi
1007 1532 1132 1585 sortem

130 1625 183 1688 vel
200 1625 298 1689 elusit
314 1626 366 1689 vel
383 1626 529 1708 inplevit.

87 1729 106 1789 3
176 1729 262 1793 Cum
286 1730 407 1793 deinde
432 1731 588 1806 Dareum,
615 1732 815 1814 ubicumque
846 1740 945 1806 esset,
971 1751 1134 1812 occupare
1155 1759 1184 1806 19

80 1853 105 1892 1⁵
131 1833 317 1908 statuisset,
339 1844 375 1897 ut
397 1855 416 1897 a
437 1829 533 1916 terg'o
556 1845 631 1897 tuta
654 1835 864 1918 relinqueret,
886 1835 1133 1917 Amphoterum

131 1937 229 2002 classi
259 1939 301 2001 ad
331 1958 422 2001 oram
451 1938 671 2020 Hellesponti,
698 1939 801 2020 copiis
832 1948 945 2001 autem
973 1938 1134 2020 praefecit

132 2041 376 2123 Hegelochum,
396 2043 543 2105 Lesbum
566 2052 599 2106 et
623 2043 745 2107 Chium
763 2043 936 2124 Coumque
960 2042 1134 2124 praesidiis

131 2145 277 2208 hostium
294 2145 499 2209 liberaturos
550 2147 614 2210 His
629 2146 756 2210 talenta
772 2147 813 2209 ad
835 2140 912 2210 belli
928 2167 1025 2208 usum
1043 2146 1134 2228 quin·
1154 2175 1186 2209 20

131 2260 234 2330 genta
254 2249 435 2314 attributa:
458 2251 500 2313 ad
519 2251 737 2333 Antipatrum
762 2261 795 2314 et
820 2270 886 2325 eoS,
907 2250 963 2332 qui
988 2250 1134 2314 Graecas

80 2375 107 2414 n
132 2353 230 2416 urbes
257 2353 445 2429 tuebantur,
472 2365 629 2417 sexcenta
655 2355 776 2418 missa:
807 2374 848 2417 ex
873 2354 1008 2417 foedere
1032 2374 1134 2416 naves

132 2457 229 2520 sociis
274 2457 463 2538 imperatae,
504 2478 588 2540 quae
631 2458 853 2539 Hellesponto
895 2457 1131 2540 praesiderent.

132 2560 290 2624 Nondum
323 2561 410 2624 enim
446 2563 662 2625 Memnonem
693 2562 762 2625 vita
796 2561 981 2625 excessisse
1016 2583 1134 2644 cogno·
1153 2590 1181 2626 21

130 2674 233 2739 verat,
253 2665 287 2726 in
310 2686 408 2749 quem
434 2686 549 2728 omnes
573 2665 762 2729 intenderat
784 2686 889 2740 curaS,
907 2665 988 2728 satis
1010 2686 1133 2748 gnarus

132 2777 252 2831 cuncta
268 2769 301 2831 in
319 2769 472 2850 expedito
487 2769 568 2844 fore,
586 2769 614 2832 si
631 2769 713 2832 nihil
728 2769 770 2832 ab
786 2790 825 2832 eo
842 2779 1040 2832 moveretur.

79 2895 105 2934 25
176 2872 312 2955 Iamque
335 2874 377 2936 ad
400 2875 515 2936 urbem
540 2874 713 2958 Ancyram
736 2884 872 2935 ventum
898 2882 978 2948 erat,
998 2873 1055 2936 ubi
1076 2891 1184 2938 nu-¹22

130 2996 222 3038 mero
239 2977 407 3058 copiarum
423 2976 506 3039 inito
519 2977 778 3058 Paphlagoniam
794 2977 914 3040 intrat:
934 2977 1011 3040 huic
1029 2976 1134 3039 iuncti

130 3090 223 3142 erant
245 3080 380 3155 Heneti,
399 3082 487 3143 unde
503 3081 637 3162 quidam
654 3081 804 3144 Venetos
820 3082 952 3144 trahere
969 3081 1132 3163 originem

130 3184 278 3247 credunt.
324 3185 443 3247 Omnis
461 3185 542 3247 haec
558 3185 649 3267 regio
666 3186 775 3267 paruit
791 3186 862 3267 regi
880 3187 1032 3269 datisque
1049 3187 1133 3248 obsi·
1152 3210 1183 3258 23

131 3287 227 3349 dibus
258 3289 429 3364 tributum,
462 3290 549 3370 quod
580 3310 623 3352 ne
654 3290 764 3353 Persis
795 3291 928 3374 quidem
965 3291 1130 3366 tulissent,

78 3415 104 3453 so
130 3392 275 3472 pendere
306 3413 348 3454 ne
378 3403 585 3474 cogerentur,
615 3394 874 3476 inpetraverunt.
924 3395 1022 3459 Calas
1055 3395 1131 3457 huic
1151 3422 1182 3468 24

130 3494 256 3575 regioni
273 3497 482 3577 praepositus
499 3508 570 3561 est:
593 3498 665 3580 ipse
681 3500 875 3581 adsumptis,
893 3499 948 3581 qui
965 3519 1005 3561 ex
1022 3499 1131 3561 Mace-

130 3598 228 3660 donia
243 3619 348 3681 nuper
363 3603 576 3679 advenerant,
595 3602 846 3686 Cappadociam
856 3602 972 3684 petiit,

58 3795 79 3832 ⁵·
94 3783 293 3839 illatkesprm·
329 3796 394 3852 haec,
402 3801 442 3843 the
454 3803 542 3847 latter.
579 3819 602 3859 9.
617 3803 720 3854 irritum,
728 3801 801 3844 vain.
839 3785 1063 3837 musicamne*-
1098 3762 1228 3819 30&ss

509 3873 563 3923 pay
575 3869 654 3922 (hang
662 3867 692 3910 in
701 3863 803 3914 scales).
