2476 4036
108 154 154 221 4ο
480 136 517 218 Q.
546 134 642 205 Curti
661 138 744 222 Rufi

108 320 215 406 magis
245 320 285 399 ei,
317 323 359 386 ad
389 343 488 406 quem
525 322 761 405 transfugerat,
793 322 889 398 lidus,
922 341 1022 405 quarn
1055 321 1111 401 illi,

108 447 207 511 quem
231 429 450 513 deseruerat„

58 544 91 596 34
152 529 254 594 Darei
292 540 471 613 praetores,
503 531 559 612 qui
589 530 714 613 proelio
744 530 831 613 apud
870 530 968 594 Isson
1000 551 1114 614 super·
1140 539 1153 600 t

106 635 249 710 fuerant,
268 634 451 699 cumomni
474 655 583 709 manu,
601 655 686 717 quae
701 634 871 716 fugientes
895 642 1013 698 secuta
1028 644 1110 710 erat,

107 739 284 821 adsumpta
300 738 399 801 etiam
424 738 657 820 Cappadocum
674 747 707 801 et
725 738 974 819 Paphlagonum
999 737 1113 802 iuven·
1146 756 1156 796 t

57 855 88 909 ³5
106 851 180 906 tute
220 842 361 927 Lydiam
400 841 583 923 reciperare
620 842 838 924 temptabant.
901 840 1110 924 Antigonus,

107 956 241 1029 praetor
269 945 461 1020 Alexandri,
488 946 614 1031 Lydiae
636 955 805 1028 praeerat:
829 944 885 1028 qui
908 965 1114 1028 quamquam
1153 970 1155 974 ⁴

106 1049 282 1133 plerosque
302 1049 445 1112 militurn
468 1069 509 1112 ex
531 1049 703 1130 praesidiis
726 1049 767 1112 ad
790 1069 904 1131 regem
926 1049 1109 1126 dimiserat,

105 1162 220 1217 tamen
236 1152 384 1217 barbaris
404 1153 524 1234 spretis
541 1154 575 1215 in
591 1153 696 1216 aciem
714 1173 792 1216 suos
808 1152 930 1216 eduxit.
978 1152 1109 1217 Eadem

106 1256 172 1322 illic
187 1277 319 1340 quoque
334 1257 470 1320 fortuna
492 1258 636 1338 partium
653 1256 739 1321 fuit:
763 1256 869 1320 tribus
893 1256 1027 1338 proeliis
1042 1257 1109 1320 alia
1134 1277 1158 1318 n

105 1370 207 1445 atque
244 1361 307 1424 alia
344 1360 481 1442 regione
519 1361 707 1424 commissis
751 1361 870 1424 Persae
907 1360 1107 1426 funduntur.

56 1467 89 1532 3⁶
108 1465 236 1528 Eodem
253 1474 403 1546 ternpore
419 1464 534 1528 classis
551 1465 773 1528 Macedonum
791 1485 831 1527 ex
848 1464 988 1528 Graecia
1000 1464 1109 1529 accita

105 1568 358 1643 Aristomenen,
375 1567 431 1651 qui
447 1569 488 1631 ad
513 1568 727 1650 Hellesponti
743 1589 834 1631 oram
858 1567 1108 1650 reciperandam

105 1673 252 1736 aDareo
269 1679 340 1734 erat
360 1670 491 1746 missus,
510 1672 616 1753 captis
639 1672 710 1735 eius
734 1682 791 1735 aut
815 1672 942 1735 eversis
965 1671 1108 1737 navibus

55 1797 88 1851 37
106 1785 248 1858 superat.
296 1774 330 1837 A
348 1775 488 1838 Milesiis
512 1776 633 1839 deinde
657 1777 897 1851 Pharnabazus,
915 1775 1107 1858 praefectus
1134 1798 1159 1839 u

107 1879 258 1943 Persicae
274 1878 399 1954 classis,
416 1879 557 1959 pecunia
576 1891 691 1943 exacta
707 1890 740 1943 et
757 1880 921 1962 praesidio
936 1879 971 1942 in
988 1880 1107 1944 urbem

106 1983 228 2048 Chium
256 1983 445 2046 introducto
468 1993 603 2047 eentum
628 1984 767 2048 navibus
791 1984 946 2047 Andrum
970 1992 1004 2047 et
1027 1983 1108 2048 inde

59 2084 60 2088 ’
107 2088 272 2170 Siphnum
289 2087 395 2169 petiit.
444 2088 518 2150 Has
534 2108 665 2170 quoque
681 2087 806 2150 insulas
822 2087 995 2169 praesidiis
1012 2107 1108 2152 occu·

104 2191 171 2275 pat,
188 2190 330 2273 pecunia
345 2190 473 2255 multat.

54 2309 88 2375 38
149 2294 348 2378 Magnitudo
371 2294 458 2370 belli,
483 2296 572 2377 quod
595 2296 637 2358 ab
659 2294 922 2375 opulentissimis
949 2295 1105 2378 Europae
1131 2319 1159 2360 st

104 2398 277 2482 Asiaeque
300 2398 435 2480 regibus
451 2398 485 2461 in
502 2419 596 2480 spem
619 2399 723 2462 totius
739 2399 828 2463 orbis
852 2388 1036 2481 occupandi
1051 2421 1108 2482 ge-

105 2503 248 2578 rebatur,
264 2501 424 2567 Graeciae
440 2523 571 2586 quoque
583 2513 617 2566 et
634 2503 755 2566 Cretae
764 2523 855 2567 arma
867 2514 1103 2569 commoverat.

54 2619 87 2670 39
104 2607 201 2691 Agis,
221 2607 560 2671 Lacedaemoniorum
577 2627 642 2681 rex,
656 2615 730 2669 octo
744 2606 877 2670 milibus
889 2606 1104 2685 Graecorum,

103 2711 159 2795 qui
183 2731 224 2775 ex
248 2709 365 2776 Cilicia
388 2710 520 2793 profugi
543 2711 659 2773 domos
682 2710 895 2790 repetierant,
921 2712 1106 2776 contractis

103 2815 228 2879 bellum
252 2814 443 2896 Antipatro,
462 2814 677 2878 Macedoniae
700 2813 878 2895 praefecte,
896 2815 1102 2881 moliebatur.
1132 2841 1160 2882 su

53 2937 87 2987 40
105 2919 285 2984 Cretenses
302 2920 363 2982 has
378 2928 436 2981 aut
452 2917 525 2981 illas
548 2927 658 3000 partes
683 2915 790 2979 secuti
814 2938 903 2980 nunc
927 2918 1107 3000 Spartano-

103 3043 185 3098 rum,
203 3043 292 3086 nunc
310 3022 531 3085 Macedonum
548 3019 718 3102 praesidiis
730 3022 986 3101 occupabantur.
1036 3021 1106 3086 Sed

102 3125 225 3189 leviora
240 3123 417 3187 interillos
432 3123 526 3187 fuere
542 3123 732 3187 discrimina
747 3145 852 3187 unum
867 3134 1046 3201 certamen,
1063 3142 1106 3190 ex

102 3247 169 3312 quo
184 3237 296 3294 cetera
311 3227 512 3310 pendebant,
529 3225 682 3291 intuente
697 3227 839 3293 fortuna

460 3750 498 3781 ιι.
511 3735 597 3789 accita,
607 3726 764 3779 summoned-
