2476 4036
286 157 515 222 Historiarum
537 154 724 221 Alexandri
744 155 806 233 IV,
835 171 882 230 12,
912 171 957 234 13.
1081 167 1125 236 79

124 342 247 407 Melius
269 344 377 407 adhuc
400 351 491 405 ratus
507 341 542 404 in
558 341 675 404 eodem
699 338 828 403 tumulo
850 347 961 403 castra
983 337 1121 412 munire,

125 469 182 510 rex
198 447 319 510 vallum
344 447 406 510 iaci
430 446 546 509 iussit:
570 453 770 520 strenueque
793 461 892 524 opere
915 441 1065 523 perfecto
1088 441 1123 503 in

125 551 385 626 tabernaculum,
403 570 444 613 ex
459 569 525 633 quo
541 558 613 612 tota
627 547 716 611 acies
732 546 878 610 hostium
902 544 1124 628 conspicieba-

124 666 188 733 tur,
205 655 354 720 secessit.

523 800 606 865 cip,
625 799 726 864 XIII.

72 979 111 1040 47
168 974 256 1038 Tum
286 992 366 1037 vero
397 971 551 1035 universa
582 970 686 1035 futuri
717 968 917 1034 discriminis
946 968 1051 1033 facies
1089 968 1123 1032 in
1161 996 1171 1034 1

49 1068 55 1076 ’
86 1076 230 1142 coculis
254 1086 342 1141 erat:
374 1075 474 1140 armis
502 1075 688 1157 insignibus
716 1073 792 1156 equi
817 1073 944 1157 virique
974 1073 1125 1156 splende-

125 1183 215 1256 bant,
229 1190 263 1244 et
276 1180 388 1244 omnia
399 1180 578 1243 intentiore
595 1198 673 1242 cura
688 1177 874 1261 praeparari
889 1178 975 1260 apud
993 1179 1124 1240 hostem

126 1285 313 1349 sollicitudo
343 1293 534 1366 praetorum
558 1281 698 1365 >agmina
728 1303 788 1345 sua
814 1281 1123 1364 interequitantium

125 1390 333 1464 ostendebat,
350 1409 389 1452 ac
412 1388 569 1470 pleraque
592 1387 712 1461 inania,
737 1385 823 1449 sicut
846 1385 999 1449 fremitus
1022 1385 1123 1448 homi·
1158 1408 1174 1445 2

74 1509 100 1548 10
126 1514 215 1569 num,
254 1512 413 1576 equorum
452 1492 612 1566 hinnitus,
652 1510 817 1553 armorum
855 1489 1123 1552 internitentium

125 1595 242 1680 fulgor,
267 1596 443 1661 sollicitam
467 1595 699 1678 expectatione
722 1603 870 1657 mentem
897 1594 1120 1657 turbaverant.

127 1701 235 1784 Igitur
246 1701 316 1764 sive
329 1701 449 1764 dubius
462 1701 573 1777 animi,
589 1699 658 1763 sive
675 1710 710 1763 ut
728 1720 805 1762 suos
818 1700 1031 1781 experiretur,
1050 1720 1124 1763 con·
1158 1715 1174 1766 3

126 1805 234 1869 silium
253 1806 399 1880 adhibet,
417 1805 495 1888 quid
519 1804 680 1885 optimum
704 1804 796 1867 factu
821 1814 919 1880 esset,
937 1804 1120 1886 exquirens.

127 1909 309 1985 Parmenio,
327 1909 549 1992 peritissimus
565 1909 652 1971 inter
667 1909 769 1971 duces
784 1908 906 1970 artium
922 1908 1009 1984 belli,
1022 1908 1122 1984 furtu,
1156 1928 1175 1976 4

74 2029 100 2071 1⁵
126 2033 192 2077 non
215 2014 340 2095 proelio
363 2034 447 2095 opus
470 2033 545 2076 esse
569 2014 748 2076 censebat:
773 2011 1004 2094 “intempesta
1026 2022 1124 2076 nocte

125 2116 265 2199 opprimi
288 2137 387 2199 posse
410 2117 545 2180 hostes:
569 2116 729 2180 discordis
753 2117 910 2192 moribus,
933 2116 1064 2199 linguis
1082 2118 1123 2180 ad

126 2223 188 2286 hoc
204 2241 321 2284 somno
345 2230 379 2284 et
403 2220 571 2302 inproviso
595 2220 742 2302 periculo
765 2220 909 2296 territos,
933 2222 1065 2303 quando
1089 2221 1123 2283 in

125 2334 289 2388 nocturna
304 2324 525 2407 trepidatione
541 2324 710 2387 coituros?
755 2323 804 2386 At
821 2324 964 2388 interdiu
980 2325 1122 2407 primurn
1158 2342 1172 2396 5

125 2429 288 2492 terribiles
305 2449 498 2492 occursuras
513 2427 836 2512 faciefficytharum
861 2428 1125 2493 Bactrianorum-

74 2553 100 2592 20
125 2533 338 2615 que-hirta
354 2531 418 2595 illis
434 2552 491 2594 ora
506 2542 540 2596 et
556 2531 707 2596 intonsas
724 2551 835 2595 comas
851 2553 935 2608 esse,
952 2543 1124 2614 praeterea

125 2635 278 2700 eximiam
295 2644 464 2700 vastorum
482 2636 746 2718 magnitudinem
763 2656 955 2718 corporum:
979 2638 1073 2701 vanis
1090 2648 1123 2702 et

125 2740 280 2804 inanibus
297 2740 436 2803 militem
453 2740 559 2822 magis
576 2761 677 2822 quam
691 2739 787 2803 iustis
803 2740 991 2805 formidinis
1015 2743 1123 2806 causis

125 2843 258 2920 moveri,
275 2844 454 2907 —deinde
477 2852 606 2906 tantam
632 2843 879 2908 multitudinem
903 2845 1124 2909 circumfundi

124 2947 333 3029 paucioribus
346 2968 454 3030 posse.
496 2948 573 3009 Non
591 2947 623 3010 in
643 2947 778 3011 Ciliciae
794 2949 958 3031 angustiis
975 2958 1009 3012 et
1025 2950 1123 3014 inviis
1159 2960 1175 3009 6

73 3073 99 3111 rs
125 3052 272 3127 callibus,
304 3053 362 3114 sed
392 3052 425 3114 in
457 3061 573 3132 aperta
603 3061 637 3115 et
667 3051 734 3115 lata
764 3053 901 3134 planitIe
934 3053 1122 3118 dimicare.'’

126 3155 253 3220 Omnes
264 3155 371 3218 ferme
384 3156 592 3218 Parmenioni
606 3157 896 3221 adsentiebantur:
919 3157 1122 3242 Polypercon
1159 3169 1173 3222 7

124 3261 211 3323 haud
234 3259 333 3322 dubie
351 3258 384 3321 in
401 3279 441 3322 eo
465 3260 603 3323 consilio
626 3260 767 3341 positam
793 3260 964 3324 victoriam
988 3262 1124 3324 arbitra-

123 3363 227 3427 batur.
288 3362 396 3445 Quem
429 3363 564 3428 intuens
595 3385 661 3440 rex,
694 3385 838 3448 namque
870 3366 1122 3429 Parmenionem
1157 3377 1174 3427 8

123 3487 229 3549 nuper
243 3467 360 3540 acrius,
375 3488 472 3549 quam
490 3467 598 3543 vellet,
614 3468 812 3550 increpitum
830 3489 943 3533 rursus
960 3470 1124 3552 castigare

72 3594 97 3634 oo
123 3591 191 3635 non
210 3571 406 3647 sustinebat,
427 3571 766 3649 “Latrunculorum,”
792 3572 913 3655 inquit,
929 3581 994 3634 “et
1012 3570 1133 3632 furum

58 3762 88 3802 xa.
103 3759 204 3814 interdiu,
215 3764 241 3805 ἐκ
249 3763 291 3807 lke
299 3766 412 3820 daytr‘me,
478 3783 514 3815 ω,
534 3769 702 3824 ῂὶηῃ,ὴαῑγ9,
758 3779 794 3818 aq.
809 3745 1093 3811 increp'mhmbuhtd.
1145 3741 1208 3784 zm

204 3826 646 3883 ‘winebshemmettmm
702 3806 1104 3874 uummxommruuubbffi
