2476 4036
119 174 163 238 90
488 159 524 237 Q.
554 157 649 224 Curti
668 160 752 243 Rufi

120 339 154 403 in
186 339 335 404 ultimam
367 341 471 406 aciem
503 343 552 418 iis,
578 343 697 426 quibus
729 341 923 418 inciderant,
941 340 1124 406 miserabili

120 454 227 506 morte
244 446 470 527 consumptis:
486 446 609 529 quippe
625 456 796 528 amputata
811 446 955 509 virorum
973 447 1125 510 membra

119 547 212 610 humi
229 547 389 624 iacebant,
408 560 451 625 et,
463 551 540 632 quia
556 550 671 613 calidis
683 552 790 614 adhuc
802 549 995 613 vulneribus
1007 550 1123 613 aberat

119 651 221 726 dolor,
246 653 356 716 trunci
387 674 518 736 quoque
549 663 583 717 et
609 655 736 717 debiles
768 654 901 737 quidam
932 674 1026 717 arma
1055 674 1124 717 non

119 754 330 831 omittebant,
355 757 460 820 donec
487 757 592 820 multo
617 758 780 840 sanguine
807 759 915 821 effuso
942 757 1123 820 exanimati
1160 773 1171 812 ὁ

73 869 103 919 18
120 860 386 940 procumberent.
436 861 574 924 Interim
606 861 729 925 Aretes
758 861 970 946 Scytharum,
988 861 1046 944 qui
1077 861 1124 924 in·
1183 940 1186 946 ¹

120 963 312 1044 pedimenta
341 964 550 1047 diripiebant,
575 966 660 1029 duce
690 965 799 1029 occiso
829 966 963 1047 gravius
994 965 1123 1028 territis

120 1066 274 1132 instabat.
323 1067 553 1149 Supervenere
590 1069 710 1132 deinde
747 1089 766 1132 a
804 1069 914 1132 Dareo
953 1069 1123 1132 Bactriani

120 1173 645 1253 pugnaequeverterelortunam.
694 1172 793 1236 Multi
804 1193 884 1255 ergo
897 1172 1123 1236 Macedonum

121 1274 227 1355 primo
258 1274 385 1357 impetu
416 1276 529 1339 obtriti
561 1287 648 1352 sunt,
675 1276 786 1358 plures
817 1278 858 1340 ad
890 1275 1121 1339 Alexandrum
1148 1293 1172 1332 1⁰

73 1395 103 1446 19
120 1378 325 1460 refugerunt.
373 1379 461 1443 Tum
494 1380 614 1442 Persae
644 1381 787 1443 clamore
817 1379 956 1455 sublato,
989 1379 1122 1462 qualem

119 1482 264 1545 victores
275 1482 383 1545 solent
397 1485 504 1558 edere,
517 1483 675 1546 ferociter
686 1483 719 1546 in
733 1484 874 1559 hostem,
887 1483 981 1565 quasi
998 1482 1123 1565 ubique

120 1585 342 1667 profligatum,
355 1586 575 1651 incurrerunt.
601 1586 793 1650 Alexander
802 1586 936 1650 territos
947 1586 1120 1668 castigare,

120 1689 297 1765 adhortari,
314 1689 484 1771 proelium,
498 1691 586 1772 quod
602 1690 667 1753 iam
679 1691 881 1772 elanguerat,
900 1690 990 1753 solus
1006 1709 1122 1753 accen-

121 1794 219 1856 dere:
243 1794 513 1876 confirmatisque
543 1796 679 1857 tandem
709 1794 827 1857 animis
859 1793 906 1856 ire
929 1793 962 1857 in
986 1794 1119 1856 hostem
1147 1813 1172 1853 rs

71 1928 105 1965 ao
121 1897 222 1961 iubet.
271 1897 391 1960 Rarior
406 1897 493 1961 acies
517 1908 587 1961 erat
610 1898 645 1961 in
668 1900 784 1961 dextro
808 1918 911 1961 cornu
935 1898 1119 1973 Persarum,
1135 1903 1172 1964 58

121 2021 264 2082 namque
293 2000 371 2063 inde
402 2001 568 2064 Bactriani
591 2001 814 2064 discesserant
838 2001 879 2065 ad
903 2001 1122 2083 opprimenda

121 2104 357 2186 inpedimenta.
406 2105 524 2188 Itaque
548 2105 740 2168 Alexander
763 2105 891 2168 laxatos
915 2105 1047 2168 ordines
1074 2103 1122 2167 in-

72 2237 101 2274 21
120 2207 212 2271 vadit
237 2218 270 2271 et
296 2209 401 2271 multa
426 2210 527 2273 caede
549 2209 696 2272 hostium
722 2208 899 2272 invehitur.
947 2208 1069 2290 Atqui
1086 2209 1121 2271 in

121 2312 215 2375 laevo
245 2333 348 2375 cornu
376 2323 471 2377 erant
503 2314 630 2389 Persae,
658 2333 717 2394 spe
748 2333 847 2394 posse
877 2333 954 2375 eum
985 2311 1119 2388 includi,
1148 2336 1174 2375 m

121 2436 242 2498 agmen
259 2436 356 2478 suum
373 2437 392 2479 a
410 2426 505 2498 tergo
521 2416 709 2479 dimicantis
726 2425 918 2497 opponunt:
934 2415 1122 2498 ingensque

121 2518 303 2600 periculum
315 2519 349 2581 in
362 2519 471 2582 medio
487 2520 627 2582 haerens
640 2519 774 2596 adisset,
789 2519 824 2581 ni
837 2520 966 2602 equites
979 2518 1122 2601 Agriani

122 2622 304 2686 calcaribus
331 2622 472 2686 subditis
497 2622 714 2686 circumfusos
737 2623 808 2705 regi
830 2623 990 2686 barbaros
1013 2622 1122 2686 adorti
1194 2674 1198 2678 .

121 2735 235 2789 essent
259 2746 460 2808 aversosque
484 2727 652 2789 caedendo
668 2725 702 2788 in
719 2746 755 2789 se
773 2726 902 2789 obverti
918 2727 1121 2808 coegissent.

72 2857 103 2893 22
120 2831 271 2894 Turbata
287 2839 357 2892 erat
374 2840 514 2913 utraque
530 2831 627 2894 acies,
675 2829 866 2894 Alexander
880 2839 944 2893 eta
959 2830 1071 2894 fronte
1086 2841 1121 2894 et
1149 2855 1175 2894 aa

120 2956 140 2997 a
156 2944 251 3015 tergo
268 2934 399 2996 hostem
421 2933 574 2997 habebat.
623 2933 690 3015 Qui
706 2953 821 2996 averso
837 2933 868 2996 ei
883 2933 1062 3010 instabant,
1080 2936 1123 2999 ab

120 3037 280 3118 Agrianis
291 3037 458 3119 equitibus
469 3037 721 3117 premebantur:
739 3036 906 3122 Bactriani
919 3036 1124 3118 inpedimen-

121 3141 164 3203 tis
188 3139 333 3202 hostium
357 3140 494 3221 direptis
520 3140 644 3203 reversi
667 3139 799 3203 ordines
825 3161 902 3204 suos
926 3160 1123 3221 recuperare

120 3263 188 3306 non
204 3253 377 3324 poterant:
400 3243 494 3325 plura
518 3244 614 3306 simul
638 3245 778 3325 abrupta
797 3263 816 3307 a
834 3244 954 3307 ceteris
977 3244 1122 3326 agmina,

71 3364 104 3415 23
121 3347 320 3429 ubicumque
333 3347 433 3409 alium
446 3347 500 3409 alii
515 3347 584 3409 fors
600 3347 787 3422 miscuerat,
799 3347 1009 3412 dimicabant.
1044 3348 1123 3412 Duo
1150 3375 1177 3414 ao

121 3471 217 3533 reges
234 3450 357 3513 iunctis
381 3469 484 3530 prope
499 3450 687 3532 agminibus
711 3450 872 3530 proelium
888 3451 1120 3519 accenderant.

59 3561 61 3565 ’
116 3554 236 3617 Plures
251 3554 373 3617 Persae
390 3554 562 3629 cadebant,
580 3574 639 3636 par
652 3552 758 3616 ferme
774 3554 940 3637 utrimque
962 3575 1123 3621 numerus

19 3718 406 3806 ''stip'‘’ffissmffltsullafhffl
452 3767 486 3796 ει.
502 3749 644 3802 dimicantis,
653 3763 687 3792 sc.
698 3745 827 3790 Alexandri.
863 3757 898 3792 24·
910 3754 1000 3782 ΝΜ
1014 3769 1021 3782 ·
1036 3770 1044 3811 2
1057 3769 1064 3780 ·
1075 3740 1200 3790 &³25¹aest

19 3804 62 3903 ,Γν
87 3799 320 3862 turuawtw‘rm
328 3815 735 3872 slaughterandagamstrhem.
771 3812 809 3852 ab.
822 3800 1141 3859 nummulariorum.
