2476 4036
311 121 540 186 Historiarum
564 121 752 184 Alexandri
771 123 833 198 IV,
863 139 911 204 13.
1074 128 1115 207 83

110 317 271 392 praeerat,
289 307 456 370 adiunctis
476 306 657 388 sagittariis
682 305 967 382 Cretensibus‚—
979 307 1114 374 ultimos

110 412 244 474 ordines
260 410 382 473 avertit
398 431 418 472 a
432 409 552 485 fronte,
567 418 604 472 ut
616 419 722 472 totam
738 410 843 473 aciem
860 412 940 475 orbe
959 413 1114 492 muniret,

109 515 271 600 —Illyrii
287 515 341 578 hic
357 524 452 577 erant
468 514 624 577 adiuncto
641 513 746 577 milite
768 516 920 578 mercede
940 518 1115 594 conductu,

37 621 40 625 ’
111 620 258 683 Thracas
297 638 427 701 quoque
459 617 556 680 simui
595 617 763 681 obiecerat
804 617 921 682 leviter
959 621 1120 686 armatos.¹

70 738 85 778 r
110 722 274 805 Adeoque
297 721 402 785 aciem
419 721 616 784 versabilem
640 722 760 803 posuit,
781 731 826 798 ut,
846 724 903 806 qui
929 725 1036 787 ultimi
1053 737 1116 789 sta·
1133 756 1165 807 32

109 828 201 901 bant,
219 846 261 889 ne
293 825 553 900 circumirentur,
570 825 655 888 verti
691 835 804 889 tamen
836 837 871 891 et
902 827 936 890 in
967 829 1114 893 frontem

110 929 290 1012 circumagi
312 938 459 1012 possent.
509 929 628 1011 ltaque
653 950 720 992 non
745 931 860 1014 prima,
879 953 976 1015 quam
1001 933 1112 1010 latera,

56 1039 94 1100 51
110 1054 177 1097 non
208 1034 312 1098 latera
341 1032 519 1095 munitiora
550 1033 653 1109 fuere,
689 1056 787 1118 quam
819 1045 922 1118 terga.
971 1037 1036 1100 His
1068 1038 1114 1101 ita
1131 1051 1164 1102 33

109 1138 268 1201 ordinatis
284 1135 453 1219 praecipit,
474 1146 520 1212 ut,
541 1137 568 1200 si
586 1138 727 1203 falcatos
746 1160 861 1203 currus
885 1161 960 1204 cum
976 1141 1113 1205 fremitu

56 1260 82 1304 ro
109 1241 240 1305 barbari
270 1241 474 1316 emitterent,
504 1242 568 1325 ipsi
600 1243 716 1306 laxatis
749 1243 920 1307 ordinibus
951 1244 1112 1326 impetum

109 1345 348 1409 incurrentium
381 1345 514 1409 silentio
547 1347 747 1428 exciperent,
772 1348 860 1410 haud
888 1348 1008 1411 dubius
1040 1349 1112 1412 sine

108 1470 194 1513 noxa
209 1457 469 1525 transcursuros,
488 1450 515 1513 si
533 1471 631 1515 nemo
648 1471 684 1514 se
701 1461 902 1533 opponeret:
926 1452 978 1514 sin
999 1462 1111 1516 autem

108 1555 182 1618 sine
204 1554 340 1618 fremitu
362 1554 588 1633 immisissent,
607 1576 665 1619 eos
691 1555 755 1637 ipsi
780 1556 923 1619 clamore
948 1564 1111 1619 terrerent

109 1658 310 1742 pavidosque
342 1679 444 1742 equos
471 1659 547 1722 telis
575 1660 740 1742 utrimque
768 1659 984 1724 suffoderent.
1044 1660 1111 1742 Qui
1130 1676 1162 1726 34

56 1784 82 1824 ιε
109 1762 265 1827 cornibus
289 1771 473 1845 praeerant,
493 1764 672 1826 extendere
688 1783 728 1826 ea
745 1763 834 1838 iussi,
852 1763 899 1826 ita
914 1772 951 1826 ut
975 1783 1038 1826 nec
1054 1765 1112 1827 cir-

109 1865 388 1942 cumvenirentur,
421 1865 449 1929 si
480 1865 585 1930 artius
617 1875 754 1941 starent,
788 1886 850 1929 nec
880 1875 993 1929 tamen
1024 1868 1111 1930 ultra

108 1971 243 2033 modum
254 1970 358 2034 aciem
370 1969 585 2034 exinanirent.
625 1970 858 2052 Inpedimenta
869 1991 945 2033 cum
959 1970 1108 2052 captivis,
1128 1986 1159 2040 35

108 2074 197 2138 inter
212 2094 294 2157 quos
306 2083 419 2136 mater
435 2073 596 2157 liberique
613 2074 715 2137 Darei
726 2073 1007 2149 custodiebantur,
1022 2075 1110 2138 haud

108 2178 222 2260 procul
247 2177 317 2241 acie
333 2177 367 2240 in
384 2177 475 2240 edito
491 2177 575 2241 colle
600 2177 774 2240 constituit
798 2177 928 2240 modico
946 2178 1109 2258 praesidio

56 2304 83 2344 oo
110 2281 232 2346 'relicto
284 2281 432 2344 Laevum
450 2301 562 2356 cornu,
581 2281 667 2344 sicut
683 2281 773 2357 alias,
792 2280 1000 2344 Parmenioni
1017 2290 1111 2345 tuen-

107 2386 185 2449 dum
202 2387 338 2450 datum:
361 2385 433 2466 ipse
450 2384 484 2447 in
500 2387 615 2448 dextro
632 2385 750 2448 stabat.

152 2491 310 2554 Nondum
341 2490 382 2551 ad
415 2489 537 2552 iactum
568 2488 627 2552 teli
658 2498 888 2570 pervenerant,
917 2509 993 2552 cum
1025 2489 1108 2553 Bion
1127 2505 1161 2568 36

107 2593 239 2677 quidam
264 2595 447 2677 transfuga,
466 2603 591 2676 quanto
607 2592 751 2656 maximo
767 2613 866 2656 cursu
888 2602 1051 2674 potuerat,
1065 2578 1110 2656 'ad

108 2719 219 2780 regem
241 2698 392 2780 pervenit
419 2698 587 2771 nuntians,
606 2697 749 2760 murices
774 2697 899 2759 ferreos
925 2695 959 2758 in
987 2706 1109 2761 terram

56 2825 81 2864 25
107 2802 275 2866 defodisse
307 2803 463 2878 Dareum,
486 2824 552 2886 qua
582 2802 715 2865 hostem
748 2799 878 2883 equites
909 2799 1109 2863 emissurum

107 2926 181 2969 esse
197 2907 363 2982 credebat,
376 2916 593 2991 notatumque
611 2916 703 2971 certo
720 2905 817 2988 signo
833 2904 952 2980 locum,
964 2913 1001 2966 ut
1017 2904 1109 2968 fraus

107 3009 222 3073 evitari
238 3031 258 3074 a
274 3011 342 3074 suis
359 3021 481 3094 posset.
509 3011 691 3074 Adservari
709 3008 883 3090 transfuga
899 3008 990 3072 iusso
1006 3009 1108 3073 duces
1126 3019 1158 3072 37

107 3124 290 3179 convocat:
314 3115 539 3199 expositoque,
557 3116 645 3199 quod
669 3113 859 3177 nuntiatum
886 3121 965 3188 erat,
982 3123 1106 3190 monet,

107 3227 143 3280 ut
160 3219 330 3301 regionem
354 3229 572 3283 monstratam
595 3219 764 3282 declinent
789 3216 1003 3300 equitemque
1026 3216 1109 3299 peri-

55 3345 80 3384 so
107 3322 218 3385 culum
240 3305 411 3388 ehoeeant.
474 3306 500 3333 ⁸

56 3429 92 3488 52
152 3426 310 3490 Ceterum
327 3429 516 3491 hortantem
533 3427 698 3491 exercitus
715 3426 870 3490 exaudire
885 3444 953 3488 non
976 3433 1106 3506 poterat
1125 3433 1158 3496 38

107 3550 204 3592 usum
220 3531 348 3594 aurium
365 3530 600 3614 intercipiente
617 3531 753 3593 fremitu
769 3531 909 3593 duorum
926 3528 1105 3610 agminum.

85 3729 105 3767 5.
123 3719 255 3773 versabilem,
263 3723 340 3776 easily
347 3726 440 3768 turned
447 3739 476 3768 or
484 3726 575 3770 mooed.
603 3740 638 3778 iq,
652 3724 799 3772 suffoderent,
805 3720 855 3761 stab
866 3717 942 3784 ἱιιιιὶιε
949 3712 1024 3777 ΒεὶΨὶ
1044 3721 1082 3753 ‘⁸¹'
1089 3698 1221 3794 {xxx-L

36 3787 91 3824 rent,
105 3779 132 3820 cs.
147 3779 226 3824 inanis.
284 3801 315 3838 η.
333 3789 433 3832 murices
446 3791 490 3844 (lit.
507 3790 666 3847 cattle-fist).
680 3789 784 3839 ‘almi‘
797 3781 857 3825 ‘m‘
868 3784 949 3831 mm
959 3779 987 3809 m
996 3775 1074 3813 mm
1083 3769 1099 3796 x
1111 3767 1129 3790 ‘-

28 3848 62 3888 η.
75 3838 195 3893 deciment,
204 3849 355 3906 rumpam,
365 3856 451 3900 avoid.
