2476 4036
123 267 163 347 38
491 266 528 345 Q.
557 265 653 333 Curti
672 268 756 352 Rufi

122 450 163 514 de
178 449 299 533 quibus
314 459 394 515 ante
417 450 543 515 dictum
559 459 621 528 est,
638 472 713 516 cum
738 450 848 535 regiae
863 449 970 515 vestis
986 449 1125 536 insigni·

121 553 184 617 bus
199 554 333 617 hortum
350 554 485 630 intrant,
499 574 598 638 quem
613 551 701 618 forte
714 553 845 618 steriles
857 555 977 619 herbas
994 553 1125 638 eligens

72 685 104 723 22
121 655 379 742 Abdalonymus
409 659 617 740 repurgabat.
675 658 764 721 Tum
794 677 875 741 rege
906 678 947 722 eo
977 657 1125 723 salutato

120 759 205 824 alter
234 780 276 824 ex
305 760 367 837 his,
401 768 420 797 ‘⁴
429 760 608 837 Habitus,'’
634 761 751 844 inquit,
771 762 852 826 “hic
882 761 996 839 vestis,
1021 781 1123 844 quem

121 862 229 927 cernis
246 863 278 926 in
296 864 379 928 meis
398 865 561 940 manibus,
579 885 654 929 cum
672 865 737 928 isto
754 867 907 949 squalore
930 875 1125 948 permutan-
1161 888 1172 929 r

120 968 183 1031 dus
198 967 259 1031 tibi
276 976 336 1031 est.
380 967 497 1032 Ablue
513 988 631 1050 corpus
648 968 772 1032 inluvie
788 968 951 1052 tetrisque
967 969 1124 1033 sordibus

120 1069 327 1154 squalidum:
350 1090 431 1154 cape
447 1071 535 1153 regis
557 1071 703 1135 animum
727 1082 761 1136 et
785 1072 819 1135 in
842 1091 916 1135 eam
939 1072 1122 1149 fortunam,
1162 1113 1164 1117 -
1214 1128 1216 1161 Ι

119 1195 185 1257 qua
206 1174 327 1258 dignus
351 1194 397 1250 es,
415 1175 513 1239 istam
537 1175 776 1240 continentiam
808 1176 927 1258 perfer.
976 1177 1121 1240 Etcum
1214 1176 1216 1187 '

120 1278 155 1341 in
170 1278 273 1360 regali
289 1278 373 1342 solio
383 1278 553 1354 residebis,
566 1280 655 1343 vitae
667 1280 824 1363 necisque
836 1280 985 1343 omnium
998 1279 1122 1344 civium

120 1381 283 1457 dominus,
315 1402 396 1446 cave
426 1383 630 1447 obliviscaris
660 1385 802 1460 habitus,
834 1384 869 1447 in
899 1405 965 1467 quo
994 1384 1121 1467 accipis
1148 1402 1173 1449 ro
1205 1420 1208 1431 ·

71 1508 103 1560 23
120 1505 271 1568 regnum,
303 1485 413 1563 immo,
445 1485 589 1563 hercule,
621 1496 758 1570 propter
787 1486 918 1570 quem.’'
981 1487 1122 1552 Somnio

120 1588 237 1653 similis
253 1609 306 1654 res
329 1589 566 1676 Abdalonymo
581 1590 775 1655 videbatur:
799 1591 976 1667 interdum,
994 1591 1122 1656 satisne

120 1693 192 1757 sani
209 1703 332 1768 essent,
350 1694 405 1776 qui
422 1704 489 1758 tam
514 1703 667 1778 proterve
683 1685 747 1759 sibi
770 1695 966 1771 inluderent,
984 1690 1122 1778 percon·
1176 1753 1178 1757 ,

119 1798 261 1861 tabatur.
311 1797 378 1862 Sed
408 1808 445 1862 ut
478 1799 650 1863 cunctanti
681 1800 814 1883 squalor
843 1799 976 1863 ablutus
1007 1808 1059 1862 est
1084 1809 1120 1864 et

119 1901 243 1965 iniecta
266 1901 370 1966 vestis
396 1923 541 1985 purpura
571 1924 716 1987 auroque
741 1903 900 1966 distincta
927 1912 961 1966 et
988 1903 1072 1967 fides
1100 1924 1121 1968 a
1147 1924 1173 1970 ιε

120 2005 306 2069 iurantibus
322 2006 421 2082 facta,
440 2006 526 2070 serio
542 2007 605 2070 iam
623 2028 680 2070 rex
696 2007 813 2070 iisdem
830 2006 1067 2070 comitantibus
1084 2007 1120 2070 in
1180 1995 1183 1999 ⁸

71 2127 104 2178 ²4
121 2109 244 2193 regiam
262 2111 421 2192 pervenit.
470 2113 574 2174 Fama
589 2111 718 2186 deinde,
736 2120 773 2174 ut
790 2111 883 2184 solet,
896 2121 1031 2174 strenue
1047 2119 1121 2174 tota

121 2215 203 2279 urbe
219 2214 381 2280 discurrit.
428 2215 580 2278 Aliorum
600 2215 756 2303 studium,
775 2215 913 2278 aliorum
934 2214 1120 2297 indignatio

121 2320 308 2387 eminebat:
330 2319 548 2384 divitissimus
565 2319 704 2402 quisque
721 2319 943 2381 humilitatem
960 2317 1120 2400 inopiam-

70 2445 102 2501 ις
120 2445 185 2509 que
200 2424 272 2494 eius
295 2424 382 2507 apud
405 2424 529 2487 amicos
553 2422 735 2485 Alexandri
759 2423 1002 2487 criminabatur.
1050 2420 1120 2484 Ad·
1145 2446 1172 2489 ro

119 2528 208 2592 mitti
231 2548 306 2591 eum
330 2548 388 2592 rex
409 2528 561 2610 protinus
585 2527 682 2590 iussit
709 2526 830 2608 diuque
861 2524 1117 2606 contemplatus,

122 2630 337 2714 “Corporis’'
348 2631 466 2715 inquit,
479 2630 638 2694 “habitus
652 2630 761 2692 famae
773 2628 905 2711 generis
918 2648 985 2691 non
1001 2648 1120 2710 repug-

119 2745 198 2801 nat:
221 2737 279 2799 sed
301 2736 382 2799 libet
406 2735 499 2810 scire,
517 2733 661 2816 inopiam
678 2754 743 2816 qua
764 2731 927 2814 patientia
945 2730 1062 2795 tuleris
1076 2730 1117 2794 ?”

118 2841 207 2905 Tum
228 2840 292 2914 ille,
312 2846 331 2874 “
343 2837 513 2914 Utinam,’'
538 2837 654 2921 inquit,
674 2837 820 2900 “eodem
844 2835 955 2898 animo
977 2856 1119 2918 regnum

119 2944 188 3027 pati
218 2943 361 3026 possim!
386 2944 448 3006 hae
479 2962 596 3005 manus
635 2941 799 3004 suffecere
829 2938 992 3003 desiderio
1023 2960 1119 3004 meo:
1146 2969 1188 3010 rs-

71 3058 102 3108 26
119 3047 201 3111 nihil
217 3047 352 3111 habenti
370 3046 452 3110 nihil
468 3044 605 3110 defuit.”
650 3045 794 3126 Magnae
812 3043 931 3106 indolis
948 3043 1119 3125 specimen

119 3172 160 3215 ex
198 3152 261 3215 hoc
292 3171 445 3216 sermone
483 3148 709 3234 Abdalonymi
740 3147 837 3230 cepit.
902 3148 1019 3229 Itaque
1049 3166 1118 3209 non

121 3254 287 3319 Stratonis
304 3256 401 3318 modo
418 3254 542 3337 regiam
559 3251 800 3335 supellectilem
813 3250 950 3315 attribui
963 3251 994 3314 ei
1010 3249 1116 3325 iussit,

120 3359 179 3422 sed
213 3359 370 3442 pleraque
400 3358 500 3422 etiam
538 3378 579 3420 ex
614 3356 745 3420 Persica
782 3356 913 3439 praeda,
945 3354 1117 3438 regionem

118 3475 249 3546 quoque
265 3461 339 3526 urbi
355 3461 538 3543 adpositam
555 3461 678 3525 dicioni
695 3461 766 3524 eius
782 3459 912 3524 adiecit.
1145 3486 1173 3526 so

69 3581 101 3635 27
163 3568 297 3631 Interea
320 3566 500 3652 Amyntas,
525 3585 622 3648 quem
647 3566 688 3628 ad
721 3565 837 3628 Persas
860 3564 902 3627 ab
925 3561 1117 3625 Alexandro
1152 3571 1171 3631 5

64 3703 83 3707 ἡ
103 3670 334 3753 transfugisse
342 3670 499 3748 diximus,
510 3690 587 3736 cum
598 3678 756 3756 quattuor
767 3667 905 3732 milibus
915 3665 1124 3729 Graecorum

40 3844 140 3894 amba:
154 3853 425 3912 ‘bemfflwtr'stlre
435 3868 565 3924 subjectos
570 3867 667 3912 intrant.
695 3865 719 3907 6.
735 3859 849 3908 sordibus,
852 3852 915 3909 filth
925 3848 967 3900 tel.
977 3844 1082 3917 sordidi.
1129 3851 1216 3888 mpro-

80 3915 305 3984 anhnly,
352 3947 389 3990 14·
404 3932 635 3991 ballematiae&¹
678 3931 718 3975 αδ.
733 3900 1151 3982 ωροὶὶεαιὶὶω,ἰιιηιιῑιιτι,ιοοᾰε.
