2460 4020
134 111 178 188 48
505 95 543 188 Q.
571 108 667 175 carta·
687 110 771 194 Rufi

136 293 187 356 sui
203 301 330 376 partem
348 303 441 357 extra
451 302 575 357 sortem
585 292 724 376 periculi
732 293 919 359 communis
929 293 1133 361 habuissent.

86 421 116 458 21
138 397 290 479 Cumque
306 418 392 462 unus
403 417 422 461 e
433 397 561 462 civibus
572 397 607 460 in
617 396 773 461 contione
789 397 979 475 indicasset,
991 399 1136 463 oblatam

136 521 211 564 esse
227 521 286 582 per
301 522 452 565 somnum
471 501 535 565 sibi
551 501 697 583 speciem
709 500 888 583 Apollinis,
902 521 1001 585 quem
1019 502 1138 566 eximia

136 605 295 687 religione
329 605 485 680 colerent,
517 606 633 669 urbem
670 605 868 681 deserentis,
901 606 1091 690 molemque
1119 626 1139 670 a

137 709 377 774 Macedonibus
394 710 428 772 in
445 709 514 773 salo
530 709 650 773 iactam
666 709 701 772 in
718 709 905 773 silvestrem
923 709 1047 774 saltum
1063 731 1138 775 esse
1169 724 1181 766 ⁸

87 841 119 877 22
136 823 318 878 mutatam:
349 834 548 896 quamquam
578 823 695 877 auctor
723 813 807 877 levis
837 823 918 890 erat,
949 823 1067 879 tamen
1096 815 1138 879 ad

136 916 302 980 deteriora
316 918 481 981 credenda
496 917 592 999 proni
602 925 695 981 metu
711 937 810 981 aurea
825 927 944 981 catena
958 917 1139 983 devinxere

137 1020 349 1084 simulacrum
375 1041 516 1104 araeque
547 1021 715 1096 Herculis,
742 1021 836 1085 cuius
863 1021 993 1085 numini
1019 1023 1138 1087 urbem

136 1123 337 1199 dicaverant,
354 1124 524 1188 inseruere
546 1125 726 1200 vinculum,
751 1124 846 1207 quasi
870 1124 925 1188 illo
948 1125 1013 1188 deo
1036 1124 1140 1208 Apol·

136 1225 237 1290 linem
249 1238 428 1293 retenturo.
477 1228 651 1314 Syracusis
662 1229 696 1292 id
709 1228 921 1293 simulacrum
933 1229 1138 1293 devexerant
1163 1244 1187 1286 1⁰

138 1331 240 1395 Poeni
256 1341 290 1395 et
314 1332 347 1395 in
371 1333 493 1396 maiore
516 1333 707 1397 locaverant
731 1332 840 1415 patria
861 1331 1042 1415 multisque
1064 1332 1139 1398 aliis

137 1435 252 1518 spoliis
275 1436 406 1499 urbium
428 1457 448 1499 a
474 1447 580 1501 semet
605 1445 777 1518 captarum
802 1456 870 1499 non
897 1435 1138 1520 Carthaginem

88 1564 121 1617 23
139 1540 245 1623 magis
276 1560 375 1623 quam
404 1541 530 1625 Tyrum
561 1549 767 1604 ornaverant.
825 1539 964 1604 Sacrum
995 1561 1139 1624 quoque,

140 1646 226 1728 quod
258 1645 409 1727 equidem
441 1645 492 1708 dis
522 1644 659 1708 minime
696 1643 787 1708 cordi
825 1663 900 1707 esse
931 1644 1139 1722 crediderim,

139 1749 252 1812 multis
265 1749 405 1812 saeculis
417 1748 642 1811 intermissum
654 1747 827 1830 repetendi
838 1757 991 1812 auctores
1004 1749 1139 1831 quidam
1166 1766 1192 1808 u

139 1862 242 1929 erant,
260 1863 297 1916 ut
313 1853 480 1935 ingenuus
502 1872 586 1934 puer
609 1852 755 1916 Saturno
778 1851 1027 1917 immolaretur:
1051 1853 1141 1935 quod

138 1957 350 2039 sacrilegium
373 1955 484 2019 verius
511 1976 610 2038 quam
637 1976 767 2019 sacrum
796 1955 1093 2039 Carthaginienses
1120 1977 1142 2021 a

138 2061 365 2125 conditoribus
381 2060 668 2142 traditum‘usque
691 2061 732 2122 ad
755 2060 920 2123 excidium
944 2059 1035 2124 urbis
1060 2080 1141 2126 suae

138 2165 260 2230 fecisse
283 2165 447 2228 dicuntur.
494 2164 548 2227 Ac
563 2162 627 2226 nisi
651 2164 799 2227 seniores
823 2163 1045 2239 obstitissent,
1064 2185 1142 2247 quo·

139 2290 212 2333 rum
250 2269 388 2332 consilio
420 2278 542 2332 cuncta
571 2268 764 2349 agebantur,
794 2267 1038 2332 humanitatem
1070 2268 1142 2332 dira
1167 2288 1194 2329 ao

90 2398 123 2448 24
140 2372 334 2454 superstitio
356 2371 500 2436 vicisset.
563 2371 737 2455 Ceterum·
752 2371 917 2436 efficacior
947 2371 1038 2436 omni
1070 2381 1143 2435 arte
1157 2377 1194 2440 10

140 2476 325 2540 necessitas
341 2496 408 2539 non
433 2476 558 2539 usitata
582 2476 679 2538 modo
702 2475 874 2558 praesidia,
894 2476 952 2540 sed
977 2476 1142 2559 quaedam

140 2581 241 2644 etiam
257 2601 344 2644 nova
365 2579 519 2644 admovit.
569 2579 723 2661 Namque
739 2579 780 2642 ad
796 2579 984 2661 inplicanda
1000 2579 1142 2663 navigia,

140 2705 224 2769 quae
240 2705 352 2748 muros
369 2683 533 2758 subibant,
550 2682 668 2746 validis
684 2683 851 2746 asseribus
876 2684 1082 2768 harpagonas
1097 2683 1146 2748 in·

140 2790 333 2873 ligaverant,
358 2799 404 2864 ut,
429 2808 505 2852 cum
528 2797 697 2850 tormento
728 2807 857 2851 asseres
885 2787 1142 2869 promovissent,
1168 2808 1196 2853 aa

92 2914 122 2969 ²5
141 2894 252 2957 subito
283 2893 401 2957 laxatis
432 2893 569 2956 funibus
601 2890 774 2955 inicerent.
824 2890 914 2955 Unci
947 2911 1078 2973 quoque
1108 2900 1145 2956 et

140 2998 243 3062 falces
260 3019 299 3061 ex
314 2998 420 3061 isdem
443 2997 610 3060 asseribus
631 2997 862 3078 dependentes
878 3004 935 3058 aut
959 3014 1135 3078 propugnat

141 3111 231 3164 tores
247 3111 304 3165 aut
320 3102 393 3184 ipsa
404 3101 535 3184 navigia
545 3102 744 3166 lacerabant.
795 3100 929 3183 Clipeos
939 3118 1018 3162 vero
1028 3118 1144 3164 aereos

141 3206 247 3269 multo
274 3205 351 3288 igne
374 3209 553 3283 torrebant,
572 3228 655 3291 quos
687 3205 831 3289 repletos
863 3203 991 3268 fervida
1020 3204 1146 3268 harena

92 3326 125 3376 26
142 3332 310 3396 caenoque
332 3313 471 3377 decocto
494 3333 513 3376 e
533 3312 636 3377 muris
661 3313 772 3377 subito
789 3309 1020 3375 devolvebant.
1070 3307 1145 3372 Nec
1170 3332 1198 3373 ao

142 3418 208 3482 ulla
223 3417 328 3501 pestis
351 3417 458 3500 magis
473 3418 672 3482 timebatur:
696 3417 828 3500 quippe,
845 3414 903 3479 ubi
926 3412 1061 3487 loricam
1078 3432 1146 3476 cor-

141 3543 271 3607 pusque
286 3523 421 3587 fervens
436 3524 560 3588 harena
575 3530 816 3605 penetraverat,
834 3539 896 3586 nec
913 3518 979 3584 ulla
990 3517 1023 3582 vi
1034 3516 1146 3582 excuti

125 3718 144 3756 ‹5-
161 3717 222 3765 levia
235 3719 333 3769 dame
341 3722 446 3762 account.
501 3732 531 3762 ro.
551 3714 683 3772 Syracusis:
702 3713 771 3768 really
784 3712 843 3756 nom
853 3709 920 3753 Gela.
964 3719 1000 3756 aa.
1017 3703 1088 3774 enneli,
1102 3705 1216 3767 otcarius:

65 3775 99 3812 ’ὦ
112 3774 227 3828 ¹³¹va
239 3780 366 3834 med-dm,
375 3781 414 3827 rie,
424 3796 438 3827 a
447 3781 510 3828 child
518 3782 597 3827 osfree
605 3781 708 3826 citiam·
754 3791 787 3830 η.
801 3769 941 3825 ὶιψὶὶωῆῑ,
949 3764 1081 3818 ΜῘΝΜΚ·
1116 3762 1152 3800 ὦ·
1164 3771 1213 3798 m*

50 3827 125 3872 ‘w‘
148 3849 186 3889 ὅθ’
200 3844 357 3895 “mmm
384 3861 421 3902 32.
435 3835 889 3903 nasamonIy...not,butalto.
