2460 4020
351 164 579 227 Historiarum
602 163 789 227 Alexandri
809 163 873 238 ΙΙΙ,
901 180 927 243 3.
1120 177 1139 240 7

137 347 242 413 oculis
270 367 345 411 esse
372 347 563 411 subductus.
612 346 669 411 Ad
699 348 781 410 haec
803 357 898 410 vates
921 345 1011 409 varia
1041 345 1140 408 inter·
1173 371 1189 419 4

137 452 325 534 pretatione
352 472 464 515 curam
488 452 743 515 distrinxerant:
774 451 829 514 alii
856 450 980 514 laetum
1007 449 1041 512 id
1067 450 1139 531 regi

137 555 303 619 somnium
335 576 409 619 esse
437 556 601 631 dicebant,
627 557 716 638 quod
739 565 847 619 castra
874 555 1021 617 hostium
1044 553 1140 617 arsis-

138 668 222 735 sent,
259 661 346 742 quod
385 660 615 723 Alexandrum
654 660 806 743 deposita
844 658 936 741 regia
972 667 1067 721 veste
1104 658 1138 720 in

99 781 112 819 ⁵
139 764 272 828 Persico
297 773 331 826 et
356 763 483 846 vulgari
510 764 626 827 habitu
651 766 847 846 perductum
871 764 912 826 ad
934 783 970 826 se
988 762 1135 825 vidisset.

140 868 283 951 Quidam
308 877 424 930 contra
446 870 713 951 augurabantur:
737 867 858 950 quippe
873 866 1015 929 illustria
1031 867 1139 929 Mace·
1174 882 1188 937 5

138 973 262 1034 donum
285 981 394 1035 castra
417 972 489 1035 visa
517 972 683 1054 fulgorem
707 971 899 1034 Alexandro
929 970 1137 1053 portendere,

138 1077 225 1159 quod
249 1087 368 1139 vestem
391 1077 559 1140 Persicam
583 1096 622 1139 ac
644 1074 815 1157 vulgarem
842 1075 1025 1149 habuisset,
1051 1074 1138 1136 haud

138 1179 294 1261 ambigue
324 1199 463 1261 regnum
494 1178 608 1255 Asiae,
633 1179 789 1262 quoniam
819 1179 854 1241 in
882 1180 999 1242 eodem
1021 1177 1138 1240 habitu

89 1300 115 1341 ιο
141 1284 271 1347 Dareus
308 1281 437 1358 fuisset,
470 1303 546 1346 cum
580 1282 765 1364 appellatus
800 1292 852 1346 est
886 1303 951 1346 rex.
1013 1281 1139 1344 Vetera
1173 1296 1189 1346 6

139 1407 269 1470 quoque
296 1386 416 1462 omina,
446 1396 482 1450 ut
512 1387 583 1450 fere
604 1389 661 1470 fit,
690 1386 877 1450 sollicitudo
908 1393 1138 1450 revocaverat:

139 1492 359 1554 recensebant
383 1491 472 1553 enim
493 1491 639 1554 Dareum
663 1491 696 1552 in
721 1489 882 1572 principio
905 1489 1033 1571 imperii
1051 1489 1139 1571 vagi-

138 1615 216 1659 nam
238 1594 383 1658 acinacis
408 1594 574 1658 Persicam
601 1593 739 1657 iussisse
766 1594 887 1656 mutari
914 1594 948 1656 in
976 1613 1049 1656 eam
1075 1593 1139 1656 ior-

139 1719 236 1775 mam,
261 1719 326 1781 qua
351 1698 470 1762 Graeci
499 1707 681 1773 uterentur,
710 1698 929 1780 protinusque
953 1697 1138 1761 Chaldaeos

89 1823 113 1862 15
139 1802 385 1884 interpretatos,
414 1802 589 1884 imperium
622 1803 796 1864 Persarum
828 1802 869 1864 ad
900 1822 956 1864 eos
984 1801 1139 1864 transitu·

138 1927 221 1981 rum,
239 1926 378 1989 quorum
398 1926 490 1969 arma
508 1915 599 1969 esset
622 1905 781 1968 imitatus,
830 1906 987 1968 Ceterum
1010 1905 1082 1987 ipse
1105 1914 1138 1968 et
1174 1923 1189 1976 7

138 2019 251 2073 vatum
274 2030 444 2091 respons0,
462 2011 549 2092 quod
573 2011 733 2073 edebatur
755 2009 788 2071 in
810 2011 938 2090 vulguS,
959 2019 993 2073 et
1017 2009 1137 2091 specie,

138 2134 222 2198 quae
238 2134 298 2203 per
316 2134 469 2176 somnum
485 2113 596 2177 oblata
614 2122 695 2189 erat,
712 2115 891 2177 admodum
907 2113 1014 2176 laetus
1031 2123 1140 2177 castra

138 2218 180 2282 ad
200 2217 396 2300 Euphraten
412 2217 537 2280 moveri
553 2217 662 2282 iubet.

92 2328 112 2388 'l
183 2321 292 2384 Patrio
308 2342 400 2385 more
414 2322 587 2384 Persarum
599 2321 758 2385 traditum
769 2331 821 2384 est
834 2330 907 2384 orto
923 2321 993 2385 sole
1005 2323 1138 2386 demum
1174 2337 1190 2388 8

85 2443 112 2482 21
137 2427 325 2509 procedere.
374 2425 439 2488 Die
469 2425 534 2488 iam
565 2425 684 2488 illustri
714 2426 847 2508 signum
877 2446 896 2488 e
926 2427 1139 2489 tabernaculo
1182 2447 1183 2450 ¹

137 2529 226 2611 regis
248 2528 369 2592 bucina
385 2529 534 2592 dabatur.
584 2529 693 2610 Super
715 2529 975 2605 tabernaculum,
993 2532 1081 2593 unde
1097 2531 1139 2594 ab

137 2633 292 2696 omnibus
309 2632 457 2715 conspici
476 2642 600 2714 posset,
619 2633 728 2715 imago
745 2632 823 2696 solis
840 2633 995 2718 crystallo
1012 2633 1140 2697 inclusa

136 2736 296 2818 fulgebat.
355 2736 446 2800 Ordo
477 2747 589 2799 autem
620 2737 762 2819 agminis
793 2747 864 2800 erat
894 2738 978 2801 talis.
1035 2738 1138 2820 Ignis,
1174 2762 1190 2810 9

84 2861 111 2903 u
137 2860 236 2922 quem
264 2839 328 2922 ipsi
356 2860 485 2903 sacrum
514 2849 548 2903 et
574 2850 748 2904 aeternum
774 2842 947 2917 vocabant,
971 2842 1139 2924 argenteis

44 2947 47 2952 ’
136 2944 296 3007 altaribus
320 2943 577 3026 praeferebatur.
627 2943 720 3026 Magi
743 2944 883 3026 proximi
906 2946 1050 3027 patrium
1074 2967 1140 3010 car·
1161 2975 1191 3010 10

136 3068 214 3111 men
239 3048 413 3112 canebant.
462 3049 580 3130 Magos
597 3049 740 3112 trecenti
757 3057 790 3111 et
806 3050 979 3131 sexaginta
994 3049 1139 3133 quinque

135 3151 273 3215 iuvenes
299 3152 526 3235 sequebantur
548 3152 698 3234 puniceis
721 3152 872 3217 amiculis
893 3153 1004 3229 velati,
1022 3153 1139 3217 diebus

135 3255 239 3318 totius
264 3256 344 3318 anni
368 3277 465 3339 pares
490 3276 645 3322 numero:
673 3257 795 3340 quippe
819 3257 928 3320 Persis
951 3278 1083 3340 quoque
1106 3257 1140 3321 in

83 3382 110 3421 ao
134 3359 275 3423 totidem
303 3360 373 3424 dies
398 3362 576 3444 discriptus
607 3372 659 3426 est
689 3383 805 3427 annus
855 3363 997 3426 Currum
1021 3362 1141 3424 deinde
1161 3389 1187 3424 11

136 3464 207 3526 Iovi
235 3476 401 3529 sacratum
426 3468 577 3532 albentes
600 3470 767 3533 vehebant
791 3466 886 3549 equi:
917 3466 978 3530 hos
1001 3466 1141 3528 eximiae

105 3618 111 3625 .
135 3570 378 3651 magnitudinis
395 3591 509 3654 equus
524 3593 622 3655 quem
640 3573 727 3636 Solis
746 3571 966 3655 appellabant,
985 3571 1142 3650 sequeba-

115 3775 135 3802 ο.
150 3761 316 3817 distrinxerant,
328 3767 382 3811 aad
391 3770 514 3814 stretcted
524 3775 610 3825 apori,
620 3769 729 3815 dividet.
778 3781 814 3818 ἢ·
827 3755 930 3803 mnae*
937 3739 1222 3849 kffigffissgaepgffi

65 3835 96 3862 ω.
112 3833 161 3866 orto
169 3827 218 3870 sole
230 3830 329 3884 demum,
342 3839 384 3876 not
395 3837 465 3880 until
475 3839 589 3884 sunrise.
654 3849 693 3880 αα.
703 3829 803 3879 boemo.
812 3827 888 3868 ΜΝ·
951 3826 969 3852 ²

57 3895 91 3937 ῳ.
106 3898 206 3943 quoque,
216 3891 254 3937 ie.
268 3907 297 3939 aa
307 3896 360 3940 well
371 3913 399 3944 as
408 3900 452 3946 the
462 3903 582 3950 Romans.

1131 3986 1222 4010 l
