2476 4036
133 197 177 260 24
502 180 539 259 Q.
568 178 663 245 Curti
683 182 767 265 Rufi

132 361 238 445 spolia
263 361 368 426 totius
399 362 548 427 Orientis
579 359 699 426 ollerri.
746 362 812 426 Vix
842 361 952 445 gladio
983 362 1137 431 futurum

131 488 226 550 opus,
239 475 345 530 totam
361 467 466 529 aciem
483 486 543 529 suo
559 486 681 547 pavore
697 466 915 529 fluctuantem
934 468 1139 537 umbonibus

99 606 116 659 7
132 593 232 658 posse
247 571 393 655 propelli.
440 570 559 634 Victor
574 571 615 633 ad
631 572 713 634 haec
729 571 990 636 Atheniensium
1016 577 1140 660 Philip

81 758 83 763 ⁴
132 699 195 763 pus
211 688 307 761 pater
322 676 537 739 invocabatur
552 676 763 758 domitaeque
788 696 895 758 nuper
919 678 1079 744 Boeotiae
1102 691 1138 745 et

133 784 225 848 urbis
251 783 285 845 in
313 802 353 845 ea
378 781 603 844 nobilissimae
634 781 675 844 ad
707 781 813 843 solum
845 782 974 846 dirutae
1006 784 1137 866 species
1177 800 1191 842 s

133 887 446 970 repraesentabatur
460 885 587 949 animis
637 886 708 949 Iam
726 885 907 950 Granicum
923 908 1066 964 amnem,
1084 897 1137 953 tot

133 993 233 1056 urbes
255 1001 312 1055 aut
336 1001 542 1073 expugnatas
565 999 622 1053 aut
646 989 680 1053 in
704 992 804 1054 fidem
828 1001 994 1074 acceptas,
1011 992 1135 1068 omnia,

133 1116 350 1180 quaecunque
365 1105 441 1178 post
457 1106 590 1178 tergum
603 1105 707 1172 erant,
723 1105 830 1160 strata
846 1105 879 1160 et
896 1097 1036 1179 pedibus
1052 1096 1138 1179 ipso·

101 1213 118 1265 8
134 1220 207 1264 rum
224 1200 374 1265 subiecta
388 1202 601 1265 memorabat.
651 1201 737 1266 Cum
758 1201 884 1265 adierat
910 1201 1065 1277 Graecos,
1083 1201 1137 1264 ad-

134 1305 301 1380 monebat,
318 1306 360 1369 ab
376 1305 428 1368 his
444 1305 602 1387 gentibus
619 1305 722 1369 inlata
738 1305 898 1369 Graeciae
920 1305 1008 1369 bella
1031 1304 1135 1369 Darei
1162 1321 1189 1363 ro

133 1408 235 1491 prius
252 1408 373 1472 deinde
393 1409 514 1473 Xerxis
539 1409 725 1484 insolentia,
743 1429 862 1490 aquam
887 1407 977 1490 ipsos
1000 1417 1137 1471 terram-

86 1534 89 1541 ’
134 1533 199 1596 que
210 1513 428 1595 poscentium,
443 1522 479 1576 ut
492 1533 601 1596 neque
612 1512 756 1576 fontium
768 1512 925 1576 haustum
942 1531 1004 1576 nec
1020 1510 1136 1576 solitos

100 1617 227 1686 9cib0s
243 1617 467 1699 relinquerent
490 1617 623 1680 deditis.
668 1615 725 1680 Ab
749 1616 801 1680 his
825 1615 950 1697 templa
972 1615 1078 1679 ruinis
1100 1624 1135 1679 et

134 1720 268 1804 ignibus
284 1741 359 1784 esse
375 1720 493 1796 deleta,
511 1723 611 1785 urbes
628 1741 742 1784 eorum
766 1729 982 1803 expugnatas,
1000 1720 1136 1783 foedera

87 1852 118 1891 io
134 1823 236 1888 divini
249 1823 450 1907 humanique
462 1824 542 1888 iuris
557 1825 679 1887 violata
694 1824 868 1888 referebat.
910 1823 1041 1909 Illyrios
1056 1843 1135 1887 vero
1161 1841 1188 1884 rr

134 1938 168 1992 et
183 1929 340 2004 Thracas,
355 1939 449 2010 rapto
464 1929 575 1991 vivere
590 1929 756 2004 adsuetos,
770 1914 875 1991 aciem
891 1927 1039 1990 hostium
1055 1947 1135 1991 auro

133 2051 345 2115 purpuraque
368 2032 554 2114 fulgentem
577 2031 699 2095 intueri
722 2031 867 2106 iubebat,
884 2033 1050 2113 praedam,
1067 2051 1134 2095 non

134 2154 225 2198 arma
248 2143 458 2218 gestantem:
488 2135 574 2199 irent
598 2146 632 2199 et
656 2136 834 2199 inbellibus
857 2135 992 2199 feminis
1017 2155 1134 2198 aurum

133 2238 195 2303 viri
211 2238 387 2321 eriperent,
404 2258 522 2320 aspera
537 2239 700 2302 montium
717 2259 852 2302 suorum
869 2238 946 2320 iuga
961 2238 1135 2321 nudasque

134 2343 236 2408 calles
263 2352 297 2406 et
324 2352 487 2424 perpetuo
517 2342 664 2424 rigentes
694 2343 774 2428 gelu
803 2341 929 2407 ditibus
960 2342 1134 2407 Persarum
1160 2365 1188 2406 no

134 2447 261 2530 campis
276 2446 432 2530 agrisque
447 2455 624 2511 mutarent.

547 2694 629 2760 Cne.
656 2695 719 2760 ΧΙ.

103 2888 115 2930 r
179 2862 250 2926 Iam
280 2861 322 2926 ad
352 2860 411 2926 teli
442 2860 565 2926 iactum
596 2870 825 2945 pervenerant,
854 2882 930 2927 cum
958 2862 1134 2927 Persarum
1148 2865 1186 2927 26

134 2968 265 3051 equites
290 2967 448 3031 ferociter
473 2966 507 3029 in
538 2966 667 3030 laevum
698 2987 801 3030 cornu
832 2967 979 3030 hostiurn
1010 2967 1136 3032 invecti

134 3081 233 3136 sunt:
255 3071 378 3154 quippe
394 3072 524 3134 Dareus
541 3070 686 3153 equestri
709 3070 834 3153 proelio
850 3072 1031 3135 decernere
1046 3081 1136 3154 opta-

133 3176 200 3251 bat,
236 3175 436 3257 phalangem
475 3173 682 3238 Macedonici
719 3175 884 3238 exercitus
922 3175 1023 3239 robur
1059 3195 1135 3239 esse
1160 3191 1187 3233 no

133 3278 335 3344 coniectans.
384 3279 522 3360 Iamque
541 3278 642 3341 etiam
658 3279 810 3342 dextrum
827 3277 1012 3342 Alexandri
1031 3299 1135 3344 cornu

100 3383 377 3450 2circumibatur.
426 3383 525 3466 Quod
550 3382 606 3446 ubi
632 3383 772 3457 Macedo
798 3383 981 3465 conspexit,
1007 3384 1135 3447 duabus

133 3488 195 3551 alis
220 3488 368 3571 equitum
395 3487 436 3550 ad
460 3487 572 3570 iugum
600 3487 722 3550 montis
748 3487 846 3551 iussis
872 3486 1065 3563 subsistere,
1086 3506 1136 3550 ce·

123 3600 218 3652 teros
243 3592 281 3653 in
308 3592 456 3656 medium
488 3592 566 3658 belli
594 3592 777 3658 discrimen
803 3601 944 3656 strenue
965 3590 1141 3653 transient.

82 3775 98 3784 ⁶
190 3772 264 3832 ''¹7³ss
273 3778 360 3835 losse&
369 3782 410 3830 120.
420 3788 525 3832 sht'elds.
599 3805 631 3834 ιι.
648 3787 783 3836 insolentia,
793 3785 840 3830 abl.
893 3773 1067 3838 lbffilfflh‘
1077 3765 1181 3814 ΨΜ

466 3855 506 3898 aa
521 3852 659 3907 discrimen,
670 3853 798 3908 struggle·
