2476 4036
326 161 554 225 Historiarum
577 163 763 226 Alexandri
782 164 847 238 III,
872 165 902 226 6.
1077 175 1111 242 15
1134 154 1144 167 '

112 344 285 407 mevitam
302 345 384 408 mihi
398 346 537 410 dederis.
585 347 654 411 Oro
670 369 867 431 quaesoque,
882 346 1004 410 omisso
1021 357 1113 409 metu
1159 354 1162 359 ’

112 458 227 530 patere
254 449 534 513 medicamentum
562 452 692 533 concipi
715 451 828 514 venis:
851 452 924 513 laxa
946 450 1114 532 paulisper

112 552 268 628 animum,
287 574 384 635 quem
405 554 642 636 intempestiva
665 555 888 618 sollicitudine
911 554 1009 617 amici
1033 575 1113 617 sane

112 656 237 731 fideles,
263 658 322 720 sed
346 658 486 721 moleste
510 659 616 722 seduli
642 657 810 723 turbant.’'
858 659 936 721 Non
960 679 1112 722 securum

71 775 85 814 ὁ
113 761 211 824 modo
234 763 316 824 haec
331 782 403 837 vox,
422 763 481 825 sed
505 764 605 825 etiam
629 763 753 826 laetum
778 784 892 845 regem
915 783 953 826 ac
976 762 1112 845 plenum

112 865 219 928 bonae
236 865 306 947 spei
322 865 411 930 fecit.
460 867 598 949 Itaque:
624 867 690 931 “Si
706 866 770 942 di,'’
788 867 904 949 inquit,
924 867 1111 948 “Philippe‚
1135 890 1164 924 12

111 968 174 1032 tibi
196 969 436 1050 permisissent,
454 991 519 1053 quo
542 971 684 1033 maxime
707 972 805 1033 modo
829 971 941 1045 velles,
966 971 1113 1033 animum

112 1072 252 1155 experiri
275 1094 395 1149 meum,
420 1075 484 1138 alio
507 1074 658 1156 profecto
681 1067 853 1150 voluisses,
879 1075 938 1137 sed
961 1075 1111 1148 certiore,

112 1197 211 1259 quam
227 1187 384 1259 expertus
400 1198 445 1253 eS,
463 1198 506 1241 ne
522 1188 674 1260 optasses
691 1180 834 1261 quidem.
882 1178 957 1242 Hac
972 1178 1113 1259 epistola

59 1298 85 1339 ιο
111 1291 250 1362 accepta
267 1290 388 1357 tamen,
407 1283 494 1364 quod
510 1283 661 1360 dilueras,
679 1283 767 1346 bibi:
791 1292 824 1345 et
841 1303 931 1346 nunc
947 1283 1044 1345 crede
1059 1302 1113 1344 me

112 1405 180 1447 non
205 1385 314 1448 minus
330 1406 398 1467 ‘pro
422 1395 480 1448 tua
506 1386 572 1449 fide
596 1407 695 1469 quam
721 1407 780 1469 pro
805 1406 880 1449 mea
906 1385 1013 1449 salute
1038 1406 1113 1449 esse

112 1487 322 1553 sollicitum.'’
371 1489 466 1553 Haec
489 1489 640 1554 elocutus
656 1491 805 1553 dextram
826 1491 978 1572 Philippo
1002 1491 1109 1553 offert.

61 1599 97 1658 13
113 1592 272 1656 Ceterum
296 1603 391 1657 tanta
405 1593 455 1657 vis
479 1595 714 1659 medicamenti
736 1595 810 1672 fuit,
827 1605 976 1684 ut,·quae
999 1603 1114 1657 secuta
1134 1618 1163 1668 13

112 1706 200 1772 sunt,
225 1697 490 1762 criminationem
515 1700 742 1763 Parmenionis
766 1700 960 1763 adiuverint.
1010 1701 1114 1761 Inter-

60 1823 86 1862 1⁵
113 1801 226 1865 clusus
242 1802 378 1883 spiritus
394 1813 466 1867 arte
482 1805 622 1867 meabat.
664 1804 736 1866 Nec
751 1803 921 1884 Philippus
937 1804 1112 1886 quicquam
1135 1829 1164 1876 η

112 1904 323 1986 inexpertum
340 1907 472 1970 omisit:
496 1906 551 1970 ille
566 1907 716 1969 fomenta
732 1905 860 1986 corpori
884 1907 1040 1983 admovit,
1058 1907 1112 1970 ille

112 2018 302 2092 torpentem
319 2031 408 2074 nunc
432 2010 505 2085 cibi,
523 2030 613 2073 nunc
628 2008 696 2072 vini
716 2010 817 2072 odore
841 2010 1005 2073 excitavit.
1053 2010 1114 2073 At·
1135 2037 1162 2090 ¹5

112 2133 178 2196 que
201 2123 238 2176 ut
261 2113 402 2196 primum
428 2113 550 2177 mentis
571 2122 760 2194 compotem
784 2133 859 2176 esse
883 2113 997 2188 sensit,
1016 2115 1114 2176 modo

112 2217 229 2282 matris
253 2238 476 2301 sororumque,
502 2218 599 2280 modo
623 2226 738 2280 tantae
760 2217 919 2281 victoriae
942 2217 1115 2297 adpropin-

60 2346 86 2386 ω
112 2322 246 2405 quantis
270 2323 448 2385 admonere
465 2343 531 2384 non
548 2321 687 2385 destitit.
736 2322 785 2386 Ut
802 2342 880 2384 vero
896 2322 1115 2384 medicamen·
1135 2336 1165 2384 16

111 2436 184 2489 tum
215 2445 252 2488 se
282 2426 414 2489 diffudit
449 2425 483 2488 in
512 2446 615 2488 venas
647 2435 680 2488 et
719 2426 844 2489 sensim
874 2435 946 2488 toto
977 2446 1114 2506 corpore

112 2529 289 2593 salubritas
319 2529 444 2611 percipi
474 2529 592 2611 potuit,
624 2531 767 2611 primum
805 2530 935 2593 animus
965 2529 1114 2612 vigorem

112 2654 217 2708 suum,
243 2633 363 2696 deinde
388 2653 506 2713 corpus
533 2653 664 2715 quoque
692 2633 925 2713 expectatione
951 2634 1113 2696 maturius

111 2736 339 2819 recuperavit:
363 2736 486 2818 quippe
507 2724 584 2818 'post
607 2737 743 2799 tertium
759 2737 856 2811 diem,
875 2757 974 2819 quam
998 2737 1031 2800 in
1050 2738 1113 2802 hoc

59 2863 85 2903 os
112 2849 202 2904 statu
232 2840 350 2915 fuerat,
382 2840 417 2902 in
448 2850 665 2922 conspectum
703 2840 846 2904 militum
876 2841 976 2904 venit.
1041 2841 1113 2904 Nec
1134 2869 1163 2920 17

112 2944 239 3008 avidius
262 2944 371 3026 ipsum
395 2964 507 3027 regem
524 2965 623 3026 quam
641 2943 828 3025 Philippum
853 2944 1046 3006 intuebatur
1062 2965 1114 3006 ex-

112 3048 254 3112 ercitus:
277 3069 336 3130 pro
356 3068 391 3111 se
407 3048 547 3130 quisque
563 3047 714 3110 dextram
738 3047 809 3109 eius
833 3045 976 3128 amplexi
999 3056 1113 3129 grates

111 3153 279 3217 habebant
301 3152 392 3215 velut
416 3151 584 3233 praesenti
608 3151 678 3214 deo,
728 3152 881 3232 Namque
905 3151 992 3213 haud
1015 3151 1113 3214 facile

111 3256 203 3321 dictu
219 3265 280 3332 est,
298 3264 429 3338 praeter
448 3254 632 3336 ingenitam
650 3253 697 3316 illi
715 3254 808 3335 genti
825 3274 905 3335 erga
920 3275 1016 3337 reges
1033 3276 1112 3318 suos

59 3385 85 3425 ao
110 3360 367 3434 venerationem,
380 3367 540 3440 quantum
557 3358 655 3421 huius
672 3357 786 3440 utique
801 3358 890 3440 regis
906 3359 959 3421 vel
975 3358 1112 3421 admira-

110 3464 195 3528 tioni
225 3463 327 3527 dediti
356 3463 482 3525 fuerint
512 3462 564 3525 vel
595 3462 733 3525 caritate
764 3462 985 3545 flagraverint.
1041 3464 1111 3525 lam
1132 3478 1162 3527 18

110 3568 251 3652 primum
268 3567 350 3630 nihil
370 3566 442 3631 sine
458 3566 570 3630 divina
585 3585 648 3649 ope
664 3566 802 3649 adgredi
817 3565 1011 3629 videbatur:
1033 3586 1111 3628 nam

40 3770 75 3810 ¹5⁹
87 3760 291 3816 m'dmls'st·
303 3766 656 3824 ”02f7‘21y2‘101'8hd1'fficulty.
694 3778 729 3808 aa.
743 3751 993 3809 &nummati-uella·
1024 3733 1225 3791 'th-effimm

236 3825 308 3884 diem,
317 3844 392 3886 (lum
398 3852 419 3871 Β
430 3834 500 3880 tenio
509 3834 550 3879 die
558 3843 708 3890 postquam.
749 3842 787 3882 30.
798 3822 894 3873 subque,
902 3807 1046 3864 especially.
