2476 4036
147 233 190 315 36
253 264 256 269 ·
515 232 553 311 Q.
581 229 678 296 cum·
697 230 782 314 Rufi

146 418 219 482 eius
243 416 371 481 insulae
388 416 501 480 Strato
524 414 738 498 possidebat:
761 412 876 497 quoin
893 411 992 476 fidem
1010 417 1154 494 accepto

114 531 256 596 7castra
278 521 383 584 movit
401 521 443 584 ad
460 521 575 584 urbem
592 518 780 582 Marathon.
829 516 882 581 Ibi
905 515 951 579 illi
976 514 1111 578 litterae
1135 537 1155 581 a
1182 526 1197 588 2

146 627 258 690 Dareo
273 626 466 701 redduntur,
480 624 600 707 quibus
613 633 650 686 ut
668 623 810 705 superbe
827 621 960 703 scriptis
973 623 1155 686 vehemen-

144 742 198 795 ter
212 731 362 794 offensus
378 739 450 794 est:
472 729 650 812 praecipue
674 748 750 791 eum
774 726 886 802 movit,
904 727 993 809 quod
1019 728 1154 793 Dareus

146 835 209 899 sibi
231 835 320 919 regis
343 835 477 898 titulum
500 854 563 898 nec
586 833 728 897 eundem
745 831 929 895 Alexandri
951 832 1080 895 nomini
1100 837 1155 898 ad·
1188 856 1197 897 r

112 939 331 1022 8scripserat.
379 938 570 1004 Postulabat
598 947 709 1002 autem
737 937 842 1020 magis
871 958 968 1021 quam
1001 940 1151 1021 petebat,

145 1053 183 1106 ut
205 1053 344 1127 accepta
365 1044 515 1126 pecunia,
533 1053 835 1127 quantamcumque
859 1053 931 1106 tota
952 1044 1154 1110 Macedonia

145 1157 288 1230 caperet,
305 1158 447 1211 matrem
463 1148 527 1212 sibi
543 1157 577 1212 et
594 1148 771 1230 coniugem
789 1148 977 1230 liberosque
998 1149 1155 1213 restitue·

146 1259 205 1316 ret.
252 1251 306 1314 De
329 1271 433 1334 regno
457 1272 571 1335 aequo,
596 1252 625 1315 si
647 1252 757 1327 vellet,
784 1252 894 1315 Marte
921 1253 1150 1318 contenderet.

112 1372 129 1422 9
147 1354 184 1418 Si
207 1355 341 1419 saniora·
361 1356 499 1420 consilia
521 1358 657 1448 tandem
680 1357 749 1438 pati
772 1356 947 1438 potuisset,
969 1366 1152 1422 contentus
1178 1377 1197 1419 rr

145 1459 253 1540 patrio
269 1461 401 1524 cederet
418 1461 516 1523 alieni
533 1460 661 1543 imperii
677 1461 810 1536 finibus,
830 1461 940 1524 socius
957 1460 1152 1544 amicusque

146 1571 245 1626 esset.
294 1564 336 1626 In
358 1582 397 1626 ea
420 1584 456 1627 se
479 1564 579 1628 fidem
602 1574 636 1627 et
655 1566 733 1627 dare
757 1574 909 1647 paratum
930 1575 964 1627 et
986 1565 1151 1647 accipere.

98 1689 130 1726 ro
147 1665 274 1729 Contra
288 1665 480 1730 Alexander
496 1667 530 1729 in
546 1668 634 1731 hunc
650 1667 791 1730 maxime
807 1670 941 1730 modum
959 1669 1152 1751 rescripsit:

148 1779 165 1804 ‘·
179 1771 253 1833 Rex
274 1769 468 1833 Alexander
490 1772 600 1834 Dareo
625 1770 657 1835 S.
684 1771 789 1835 Cuius
816 1791 939 1834 nomen
964 1772 1150 1854 sumpsisti,

146 1875 277 1936 Dareus
302 1875 458 1950 Graecos,
483 1874 539 1956 qui
565 1895 655 1938 oram
681 1875 894 1957 Hellesponti
918 1884 1045 1951 tenent,
1064 1875 1152 1940 colo
1177 1898 1197 1940 n

146 1977 283 2060 uiasque
307 1979 508 2042 Graecorum
533 1979 644 2042 Ionias
667 1978 758 2041 omni
781 1979 874 2042 clade
897 1979 1050 2054 vastavit,
1072 2000 1151 2044 cum

145 2101 267 2163 magno
278 2082 397 2145 deinde
409 2082 555 2146 exercitu
568 2103 659 2145 mare
671 2083 800 2146 traiecit
814 2083 917 2146 inlato
929 2084 1152 2147 Macedoniae

98 2205 126 2243 ιι
146 2194 179 2247 et
197 2185 356 2248 Graeciae
371 2186 467 2249 bello.
516 2187 646 2249 Rursus
665 2186 795 2249 Xerxes
812 2186 923 2269 gentis
941 2187 1091 2250 eiusdem
1108 2189 1151 2252 ad

146 2290 388 2370 oppugnandos
411 2309 473 2351 nos
496 2311 571 2353 cum
595 2290 787 2352 immanium
806 2273 1021 2354 barbarorum
1043 2291 1151 2374 copiis

145 2392 258 2455 venit:
288 2393 345 2475 qui
367 2393 476 2455 navali
507 2393 631 2475 proelio
654 2393 762 2456 victus
791 2394 1002 2457 Mardonium
1034 2381 1151 2460 tamen
1177 2420 1197 2461 n

99 2519 101 2525 ·
146 2495 278 2578 reliquit
309 2496 343 2559 in
375 2496 524 2573 Graecia,
552 2506 588 2559 ut
619 2498 740 2561 absens
771 2518 902 2580 quoque
933 2499 1152 2581 popularetur

98 2623 130 2660 12
147 2601 255 2676 urbes,
266 2620 363 2682 agros
379 2609 497 2664 ureret.
534 2601 720 2682 Philippum
732 2621 819 2676 ver0,
834 2612 1006 2683 parentem
1025 2623 1149 2680 meum,

146 2704 220 2786 quis
246 2703 378 2786 ignorat
404 2704 446 2766 ab
472 2703 514 2766 iis
540 2704 755 2768 interiectum
782 2725 866 2780 esse,
891 2726 974 2788 quos
1000 2706 1151 2789 ingentis

146 2808 307 2890 pecuniae
322 2827 382 2889 spe
398 2807 655 2871 sollicitaverant
671 2808 797 2870 vestri?
842 2809 938 2890 Inpia
955 2811 1044 2873 enim
1062 2811 1152 2876 bella

146 2911 315 2993 suscipitis
341 2921 385 2986 et,
413 2931 489 2974 cum
516 2911 666 2974 babeatis
697 2932 797 2986 arma,
823 2911 969 2975 licemini
1001 2914 1150 2979 hostium
1177 2942 1197 2983 u

146 3015 272 3097 capita:
297 3014 383 3078 sicut
399 3024 438 3077 tu
453 3014 602 3096 proxime
617 3015 753 3078 talentis
770 3015 870 3090 mille,
883 3017 969 3079 tanti
983 3018 1151 3083 exercitus

98 3138 128 3189 13
146 3138 212 3194 rex,
230 3138 459 3200 percussorem
483 3119 517 3179 in
537 3139 590 3182 me
614 3139 723 3181 emere
740 3119 882 3183 voluisti.
934 3120 1074 3203 Repello
1091 3122 1152 3204 igi-

145 3231 202 3284 tur
223 3220 357 3298 bellum,
382 3243 449 3285 non
476 3222 592 3287 infero.
641 3225 685 3286 Et
709 3223 742 3286 di
766 3245 897 3308 quoque
925 3246 984 3307 pro
1012 3225 1150 3290 meliore

146 3334 237 3388 stant
272 3347 391 3391 causa:
428 3347 581 3409 magnam
612 3337 741 3410 partem
773 3329 877 3391 Asiae
916 3329 950 3391 in
983 3329 1149 3394 dicionem

145 3430 259 3512 redegi
281 3450 399 3507 meam,
423 3439 458 3494 te
480 3431 590 3513 ipsum
613 3432 683 3495 acie
699 3432 770 3496 vici.
820 3433 930 3515 Quem
949 3434 1013 3496 etsi
1031 3433 1114 3495 nihil
1129 3455 1151 3497 a
1176 3463 1197 3504 a(

146 3554 200 3598 me
223 3534 391 3617 inpetrare
414 3536 597 3616 oportebat,
623 3545 740 3618 utpote
764 3537 820 3620 qui
843 3557 885 3599 ne
909 3537 988 3600 belli
1013 3537 1149 3620 quidem

128 3637 168 3698 in
189 3657 251 3702 me
269 3639 345 3704 iura
368 3638 569 3718 servaveris
592 3648 718 3718 tamen,
741 3641 772 3705 si
790 3640 925 3704 ueneris
947 3641 1096 3721 supplex,
1113 3651 1150 3704 et

35 3814 172 3872 mmm
182 3839 313 3884 mmm·
360 3836 847 3893 14·S.,i.e.salute1n(dicirngreeting.
889 3823 1197 3880 25.l'reeru'im,bid50raau

483 3906 593 3960 auctiori,
602 3911 643 3950 set
653 3919 671 3946 a
677 3904 751 3958 price
761 3904 834 3953 upon.
