2476 4036
113 161 153 224 30
480 145 516 224 Q.
546 144 641 211 Curti
662 148 745 230 Rufi

64 353 94 390 ιι
112 328 241 412 inpigre
272 349 346 394 sese
376 330 560 396 morituras.
608 331 659 395 At
689 331 904 396 Leonnatus:
935 339 968 395 et
1000 331 1113 396 vivere

112 433 260 497 Dareum
271 443 309 497 >et
326 433 416 516 ipsas
435 455 503 498 non
527 434 710 498 incolumes
727 437 834 511 modo,
853 435 911 498 sed
935 435 1035 499 etiam
1059 456 1115 518 ap

110 547 229 620 paratu
243 537 403 620 pristinae
418 538 573 602 fortunae
589 539 721 621 reginas
737 539 820 603 iore.
865 541 953 603 Tum
976 541 1113 604 demum

112 641 214 706 Darei
230 652 338 706 mater
352 643 498 706 adlevari
513 663 550 707 se
565 663 664 725 passa
680 653 740 708 est.
794 708 796 711 ,
1059 641 1064 650 ’

63 760 93 812 ¹3
154 745 348 811 Alexander
361 757 496 830 postero
512 748 566 812 die
582 768 658 811 cum
675 769 754 811 cura
772 747 913 830 sepultis
937 746 1111 826 militibus,
1128 753 1164 815 31

110 870 251 932 quorum
267 870 404 933 corpora
428 851 610 927 invenerat,
630 853 801 915 Persarum
825 871 957 935 quoque
979 851 1113 916 nobilis
1153 870 1166 909 o

111 953 204 1017 simis
220 955 363 1018 eundem
386 955 546 1019 honorem
569 956 683 1020 haberi
707 956 798 1020 iubet
822 955 985 1039 matrique
1009 955 1113 1021 Darei

64 1080 95 1131 14
111 1058 285 1140 permittit,
316 1079 399 1140 quos
429 1059 539 1134 vellet,
572 1059 679 1142 patrio
710 1080 802 1124 more
832 1059 998 1142 sepeliret.
1050 1059 1113 1136 Illa

111 1181 234 1244 paucos
272 1172 345 1226 arta
380 1162 628 1245 propinquitate
662 1163 859 1227 coniunctos
897 1184 957 1246 pro
994 1163 1112 1228 habitu

111 1266 299 1347 praesentis
325 1265 480 1330 iortrmae
507 1267 636 1331 humari
662 1267 769 1344 iussit,
797 1276 992 1350 apparatum
1019 1267 1113 1332 fune·
1139 1286 1166 1327 ro

112 1390 194 1445 rum,
211 1390 277 1452 quo
294 1371 414 1434 Persae
434 1390 590 1453 suprema
612 1370 720 1435 officia
742 1371 960 1447 celebrarent,
977 1371 1114 1436 invidio-

112 1494 187 1537 sum
216 1472 288 1537 iore
318 1473 522 1550 existimans,
554 1495 629 1538 cum
661 1473 804 1538 victores
840 1476 928 1539 haud
965 1475 1113 1557 pretiose

64 1594 93 1648 15
112 1586 346 1651 cremarentur,
396 1578 532 1661 lamque
548 1577 645 1640 iustis
661 1577 895 1642 defunctorum
919 1579 1113 1661 corporibus

112 1680 230 1744 solutis
252 1681 435 1763 praemittit
459 1683 500 1745 ad
523 1681 680 1763 captivas
698 1681 754 1764 qui
777 1682 980 1757 nuntiarent,
1003 1682 1112 1765 ipsum

111 1784 234 1860 venire,
257 1784 463 1868 inhibitaque
486 1785 716 1849 comitantium
740 1786 838 1849 turba
860 1786 1112 1850 tabernaculum
1138 1806 1165 1847 n

65 1900 96 1950 16
112 1909 188 1952 cum
207 1889 459 1971 Hephaestione
481 1888 592 1953 intrat.
642 1890 676 1952 Is
699 1888 799 1972 longe
821 1890 971 1954 omnium
994 1889 1114 1954 amico·
1136 1927 1146 1944 ·

112 2012 186 2055 rum
208 1992 398 2056 carissimus
422 2002 493 2056 erat
516 1992 596 2075 regi,
619 2013 695 2056 cum
719 1993 791 2074 ipso
814 1993 938 2075 pariter
960 1994 1111 2070 eductus,

112 2105 316 2160 secretorum
333 2097 480 2161 omnium
497 2097 640 2160 arbiter:
662 2096 827 2161 libertatis
847 2118 979 2180 quoque
1001 2098 1036 2160 in
1059 2098 1125 2161 ad·

112 2202 278 2263 monendo
295 2220 334 2264 eo
350 2220 418 2264 non
433 2200 517 2264 alius
533 2200 642 2284 magis
658 2200 708 2264 ius
725 2202 878 2276 habebat,
895 2202 981 2284 quod
1000 2211 1112 2265 tamen

112 2303 159 2368 ita
174 2305 365 2386 usurpabat,
380 2313 416 2368 ut
432 2304 539 2386 magis
551 2325 571 2367 a
583 2325 661 2387 rege
677 2305 885 2386 permissum,
899 2325 998 2388 quarn
1010 2305 1113 2368 vindi·
1138 2326 1165 2366 ao

112 2417 223 2472 catum
240 2408 282 2471 ab
298 2427 337 2471 eo
353 2407 542 2473 videretur:
565 2417 599 2471 et
616 2408 703 2472 sicut
721 2417 832 2472 aetate
855 2429 915 2491 par
937 2418 1008 2472 erat
1031 2409 1111 2492 regi,

64 2533 94 2588 17
113 2512 159 2575 ita
182 2511 328 2594 corporis
351 2511 466 2575 habitu
491 2514 690 2594 praestabat.
740 2512 831 2594 Ergo
855 2512 989 2595 reginae
1019 2512 1112 2577 illum

112 2636 187 2679 esse
203 2635 315 2697 regem
332 2625 424 2679 ratae
441 2637 501 2680 suo
517 2635 609 2679 more
630 2625 807 2680 veneratae
830 2624 916 2679 sunt.
965 2616 1049 2679 Inde
1073 2636 1114 2679 ex

111 2719 252 2802 captivis
268 2719 480 2801 spadonibus,
494 2720 568 2803 quis
580 2719 774 2783 Alexander
789 2728 888 2795 esset,
902 2719 1113 2783 monstranti·

111 2824 173 2888 bus
185 2822 383 2906 Sisigambis
393 2825 547 2889 advoluta
557 2833 608 2888 est
622 2825 762 2906 pedibus
775 2823 855 2899 eius,
869 2822 1111 2906 ignorationem
1137 2844 1164 2884 aa
1197 2841 1200 2847 ·

110 2948 292 3011 numquam
318 2938 418 2992 antea
443 2929 505 2992 visi
532 2929 620 3012 regis
651 2947 823 2992 excusans.
871 2927 980 3009 Quam
1011 2947 1111 2989 manu

111 3032 268 3096 adlevans
284 3053 350 3108 rex,
371 3034 479 3096 “Non
496 3031 643 3108 errasti,”
662 3032 779 3116 inquit,
808 3037 827 3066 “
836 3039 951 3106 mater,
976 3050 1052 3093 nam
1077 3039 1111 3093 et

64 3149 95 3200 18
112 3135 165 3199 hic
180 3136 373 3201 Alexander
388 3135 472 3201 est.''
519 3137 683 3220 Equidem
700 3137 761 3200 hac
781 3133 988 3199 continentia
1010 3133 1112 3197 animi
1127 3138 1163 3200 32

112 3239 140 3303 si
156 3241 197 3304 ad
213 3241 366 3305 ultimum
390 3241 479 3305 vitae
502 3260 714 3323 perseverare
737 3238 911 3322 potuisset,
928 3236 1111 3302 feliciorem

110 3343 216 3408 fuisse
246 3346 425 3420 crederem,
454 3365 552 3428 quam
583 3344 674 3408 visus
704 3353 757 3407 est
788 3362 871 3418 esse,
890 3363 965 3406 cum
999 3341 1111 3405 Liberi
1138 3363 1164 3402 ao

111 3449 215 3530 patris
238 3448 424 3511 imitaretur
453 3448 668 3530 triumphum,
693 3466 799 3530 usque
822 3447 864 3510 ab
889 3445 1112 3527 Hellesponto

61 3573 95 3620 ¹9
108 3552 151 3614 ad
181 3551 352 3616 Oceanum
381 3571 497 3616 omnes
520 3560 641 3636 gentes
667 3550 806 3615 victoria
831 3569 1000 3613 emensus.
1055 3547 1114 3612 Sic

27 3741 31 3754 '
47 3720 145 3778 &RQ
155 3737 262 3790 'Mb
300 3756 326 3794 9·
343 3743 433 3799 habitu,
443 3749 575 3793 condition.
622 3762 653 3803 ¹3·
670 3745 738 3791 iustis
747 3743 839 3795 solutis,
845 3743 937 3795 prm?
946 3733 1031 3787 lss'ml
1040 3729 1135 3802 ,ΝΜ
1142 3725 1200 3766 “⁸⁸

84 3788 247 3840 fimi,
302 3806 340 3848 18·
353 3808 449 3866 arbiter,
459 3812 725 3870 we’tness,cmfidant.
782 3821 819 3852 ao.
832 3789 1111 3850 vinolentumctaamd·
