2476 4036
313 171 542 236 Historiarum
564 170 753 236 Alexandri
772 171 796 235 J
802 172 834 248 V,
864 184 910 252 15.
1069 189 1108 254 91

110 355 353 421 vulnerabatur.
402 355 510 420 Curru
533 356 673 432 Dareus,
694 355 886 420 Alexander
909 376 993 438 equo
1015 356 1113 419 vehe-
1130 385 1162 434 24

111 463 230 527 batur:
253 469 431 542 utrumque
453 459 574 522 delecti
604 460 786 523 tuebantur
816 459 867 522 sui
899 459 1109 535 inmemores,

110 565 233 648 quippe
248 564 370 627 amisso
392 583 471 645 rege
494 583 557 627 nec
572 564 728 627 volebant
745 562 827 626 salvi
851 583 925 626 esse
944 583 1006 626 nec
1022 573 1112 644 pote-

111 678 194 738 rant.
242 668 336 731 Ante
356 667 469 730 oculos
492 667 543 730 sui
559 667 699 750 quisque
715 667 802 752 regis
825 676 966 730 mortem
984 687 1112 730 occum-

72 787 85 827 ὁ
111 774 190 837 bere
206 772 347 835 ducebat
371 772 551 854 egregium.
601 772 783 834 Maximum
800 781 912 835 tamen
928 771 1109 852 periculum
1129 799 1160 852 25

33 893 37 898 ’
111 876 257 952 adibant,
275 896 358 959 quos
375 875 516 940 maxime
531 877 730 940 tuebantur:
753 876 875 959 quippe
892 875 954 938 sibi
971 877 1110 959 quisque

60 987 97 1048 59
111 980 200 1044 caesi
216 980 305 1063 regis
321 981 496 1062 expetebat
507 980 616 1044 decus
666 980 833 1055 Ceterum,
849 980 919 1044 sive
931 980 1021 1043 illud
1032 981 1111 1043 ludi·
1129 996 1161 1045 26

111 1084 219 1146 brium
236 1084 406 1147 oculorum
422 1083 492 1147 si-ve
507 1104 585 1147 vera
600 1083 733 1166 species.
745 1084 819 1159 luit,
836 1084 893 1167 qui
909 1084 997 1148 circa
1012 1084 1112 1146 Alex-

110 1188 263 1251 andrum·
281 1197 385 1262 erant,
410 1187 534 1250 vidisse
558 1208 594 1250 se
618 1187 828 1251 crediderunt
852 1188 986 1270 paulum
1012 1209 1111 1269 super

60 1309 86 1350 ιο
112 1301 211 1373 caput
228 1290 316 1373 regis
332 1291 461 1373 placide
476 1292 645 1355 volantem
661 1292 814 1375 aquilam,
825 1313 893 1355 non
910 1313 992 1355 sono
1008 1313 1111 1355 armo-

111 1416 194 1470 rum,
212 1414 280 1457 non
296 1394 423 1476 gemitu
446 1394 668 1458 morientium.
683 1395 856 1460 territam:
879 1395 1001 1477 diuque
1024 1396 1111 1460 circa

112 1518 234 1581 equum
246 1497 429 1561 Alexandri
445 1498 605 1580 pendenti
616 1499 731 1581 magis,
743 1520 841 1582 quam
851 1499 976 1562 volanti
994 1499 1110 1563 similis

111 1601 270 1684 adparuit.
320 1602 421 1665 Certe
442 1611 538 1665 vates
555 1602 755 1667 Aristander
776 1603 850 1666 alba
864 1612 959 1666 veste
975 1603 1110 1667 indutus
1129 1633 1161 1685 27

58 1718 64 1728 '
111 1714 146 1769 et
162 1707 278 1769 dextra
299 1705 491 1788 praeferens
507 1706 654 1769 lauream
676 1706 837 1770 militibus
853 1706 888 1769 in
903 1728 1049 1789 pugnam
1066 1707 1111 1769 in-

60 1829 86 1870 u
112 1809 216 1873 tentis
232 1830 327 1872 avem
344 1810 561 1884 monstrabat,
575 1811 663 1872 haud
679 1810 815 1873 dubium
832 1810 990 1874 victoriae
1005 1811 1112 1892 auspi-

112 1913 210 1976 cium.
256 1913 382 1995 Ingens
412 1933 492 1994 ergo
522 1913 676 1976 alacritas
701 1924 735 1977 et
766 1914 887 1977 fiducia
910 1914 1007 1996 paulo
1032 1925 1110 1977 ante
1129 1927 1161 1977 28

112 2017 247 2080 territos
262 2016 414 2080 accendit
430 2018 471 2079 ad
494 2037 650 2099 pugnam,
667 2017 783 2100 utique
798 2028 974 2100 postquam
997 2019 1111 2100 auriga

113 2121 223 2196 Darei,
241 2120 298 2203 qui
325 2130 403 2183 ante
426 2120 539 2202 ipsum,
566 2121 686 2184 sedens
717 2141 819 2203 equos
850 2123 997 2204 regebat,
1014 2122 1111 2185 hasta

112 2226 291 2288 transfixus
308 2233 368 2288 est.
416 2226 489 2288 Nec
505 2233 562 2288 aut
579 2225 698 2288 Persae
714 2235 770 2288 aut
795 2226 996 2290 Macedones
1020 2226 1112 2289 dubi-

61 2351 87 2390 20
112 2338 233 2404 tavere,
251 2328 330 2410 quin
361 2328 433 2409 ipse
463 2348 521 2391 rex
550 2338 640 2391 esset
671 2328 808 2393 occisus.
858 2330 948 2411 Ergo
979 2329 1110 2412 lugubri
1129 2357 1161 2406 29

112 2432 239 2495 ululatu
263 2440 297 2495 et
320 2431 491 2494 incondito
515 2431 658 2495 clamore
681 2432 875 2515 gemituque
904 2443 1010 2496 totam
1040 2434 1111 2497 iere

111 2536 216 2600 aciem
239 2536 347 2599 adhuc
384 2554 490 2617 aequo
529 2535 640 2598 Marte
677 2536 896 2617 pugnantium
934 2538 1111 2600 turbavere

112 2639 246 2722 cognati
264 2638 366 2701 Darei
379 2646 412 2701 et
428 2639 603 2720 armigeri:
619 2639 816 2726 laevumque
831 2640 979 2703 cornuin
995 2641 1109 2723 fugam

112 2744 256 2806 effusum
273 2742 470 2805 destituerat
494 2763 635 2818 currum,
652 2763 752 2825 quem
769 2763 788 2805 a
804 2743 919 2806 dextra
941 2753 1036 2826 parte
1055 2745 1112 2807 sti·
1191 2761 1193 2765 ⁴

61 2869 87 2908 rs
112 2846 181 2928 pati
202 2846 236 2909 in
258 2846 402 2909 medium
426 2865 547 2928 agmen
570 2855 776 2928 receperunt.
825 2846 957 2909 Dicitur
976 2847 1110 2911 acinace
1129 2871 1162 2921 30

112 2951 229 3014 stricto
253 2951 383 3013 Dareus
407 2948 588 3024 dubitasse,
613 2969 656 3013 an
679 2950 781 3032 fugae
803 2950 946 3014 dedecus
969 2951 1111 3015 honesta

111 3063 220 3116 morte
245 3053 386 3119 vitaret:
417 3054 476 3115 sed
499 3053 649 3116 eminens
680 3074 778 3117 curru
805 3056 952 3117 nondum
977 3075 1109 3118 omnem

113 3177 247 3220 suorum
263 3156 367 3219 aciem
384 3156 509 3237 proelio
532 3157 751 3220 excedentem
774 3158 957 3222 destituere
981 3161 1112 3224 erubes-

112 3262 218 3336 cebat,
236 3261 380 3341 dumque
402 3259 491 3322 inter
507 3280 600 3340 spem
616 3269 650 3323 et
667 3261 933 3341 desperationem
957 3263 1108 3339 haesitat,

61 3387 87 3426 ao
113 3364 237 3427 sensim
255 3364 374 3426 Persae
390 3359 554 3427 cedebant
571 3371 604 3426 et
620 3362 811 3426 laxaverant
822 3365 962 3429 ordines.
1010 3365 1111 3429 Alex·
1129 3388 1158 3440 31

111 3468 214 3530 ander
242 3475 370 3530 mutato
395 3486 489 3549 equ0,
506 3466 629 3548 quippe
653 3467 765 3548 plures
789 3467 995 3550 fatigaverat,
1017 3470 1111 3533 resis-

111 3570 254 3634 tentium
292 3571 430 3633 adversa
467 3587 525 3633 ora
562 3566 718 3646 fodiebat,
757 3570 959 3653 fugientium
1004 3581 1107 3654 terga.

82 3774 114 3813 ²7·
129 3760 211 3814 utique,
221 3765 352 3820 “rtet'ally·
395 3779 428 3820 25.
443 3765 530 3822 stipati,
539 3765 578 3811 rte
588 3765 647 3810 etan
657 3763 747 3809 rasilis.
786 3775 825 3814 η.
835 3757 952 3800 ussum
961 3749 1023 3790 nixus
1028 3745 1188 3784 ess-&mm-
