2476 4036
325 151 553 217 Historiarum
575 151 763 216 Alexandri
782 152 846 227 IV,
870 171 899 234 9.
1071 155 1115 234 67

114 337 209 421 ginta
230 337 301 400 fere
332 336 438 400 stadia
467 356 664 419 progressus
687 337 729 400 ad
759 336 901 400 alterum
932 356 1115 400 amnem-

38 488 40 495 2
114 441 254 506 Bumelo
272 459 395 503 nomen
420 450 645 504 est—castra
668 440 788 522 posuit.
838 440 1037 521 Opportuna
1063 462 1115 504 ex-

113 543 276 627 plicandis
300 543 404 625 copiis
428 543 521 626 regio
544 553 624 620 erat,
640 544 828 626 equitabilis
847 553 881 607 et
897 553 991 607 vasta
1014 545 1116 626 plani-

113 650 197 714 ties:
220 668 263 711 ne
287 647 408 729 stirpes
433 647 566 730 quidem
592 657 626 711 et
652 646 765 711 brevia
788 648 934 730 virgulta
959 648 1114 730 operiunt

73 767 88 810 o
113 754 218 817 solum
236 752 384 834 liberque
400 761 597 833 prospectus
613 752 783 815 oculorum
800 753 952 815 etiamad
968 773 1016 828 ea,
1030 774 1114 835 quae

113 856 227 939 procul
254 876 432 932 recessere,
460 854 686 937 permittitur:
720 865 831 939 atque,
860 857 889 919 si
917 878 982 938 qua
1005 858 1113 939 campi

112 961 315 1036 eminebant,
333 960 430 1024 iussit
441 959 574 1043 aequari
590 969 765 1043 totumque
780 958 952 1043 fastigium
969 961 1111 1024 extendi.

62 1077 99 1139 37
156 1065 348 1129 Alexandro
372 1065 429 1147 qui
452 1084 627 1128 numemm
652 1063 821 1146 copiarum
845 1065 926 1141 eius,
952 1076 1113 1148 quantum
1135 1091 1161 1128 11

69 1158 73 1165 ⁴
113 1169 227 1251 procul
258 1168 438 1233 coniectari
461 1178 601 1251 poterat,
626 1168 849 1232 aestimabant
876 1168 931 1231 vix
959 1169 1113 1233 lecerunt

61 1294 87 1335 ιο
112 1275 213 1337 fidem
225 1282 276 1336 tot
288 1273 420 1336 milibus
433 1272 540 1337 caesis
556 1273 699 1336 maiores
716 1273 826 1355 copias
843 1293 918 1337 esse
933 1284 1112 1357 reparatas.

113 1377 272 1442 Ceterum
289 1376 397 1440 omnis
422 1376 558 1459 periculi
575 1387 608 1441 et
625 1378 768 1440 maxime
791 1378 1017 1442 multitudinis
1039 1399 1114 1443 con·
1134 1405 1164 1441 12

102 1490 260 1563 temptor
289 1481 474 1545 undecimis
505 1482 624 1545 castris
647 1483 688 1545 ad
713 1483 908 1564 Euphraten
942 1467 1114 1564 pervenit:

112 1606 178 1670 quo
203 1585 360 1668 pontibus
386 1585 499 1649 iuncto
525 1586 653 1668 equites
680 1586 806 1667 primos
832 1586 888 1662 ire,
914 1587 1113 1668 phalangem

113 1690 207 1773 sequi
234 1690 335 1765 iubet,
365 1691 510 1765 Mazae0,
539 1690 595 1772 qui
622 1691 663 1753 ad
689 1690 907 1753 inhibendum
934 1690 1113 1754 transitum

60 1816 87 1856 u
114 1794 185 1858 eius
209 1815 284 1858 cum
308 1814 366 1856 sex
388 1793 521 1856 milibus
546 1794 693 1877 equitum
717 1804 913 1870 occurrerat,
939 1814 1006 1857 non
1033 1814 1114 1857 auso

112 1898 294 1982 periculum
314 1898 365 1961 sui
380 1897 499 1961 facere.
549 1898 665 1961 Paucis
678 1898 799 1961 deinde
815 1918 882 1960 non
898 1899 939 1960 ad
955 1898 1111 1981 quietem,
1134 1924 1164 1976 13

113 2003 172 2066 sed
187 2003 228 2066 ad
244 2002 488 2084 praeparandos
511 2001 639 2065 animos
663 2002 781 2064 diebus
804 2002 891 2065 datis
914 2002 1011 2064 militi
1034 2011 1114 2065 stre-

112 2126 178 2171 nue
190 2106 322 2170 hostem
334 2104 463 2188 insequi
480 2106 599 2187 coepit,
614 2116 777 2180 metuens,
792 2126 835 2168 ne
847 2105 1004 2169 interiora
1019 2105 1113 2188 regni

113 2210 165 2274 sui
189 2219 319 2292 peteret
344 2210 599 2292 sequendusque
627 2219 717 2272 esset
744 2230 803 2290 per
824 2210 897 2273 loca
923 2210 1013 2272 omni
1040 2210 1114 2273 soli-

17 2342 19 2348 ’
61 2337 88 2378 m
113 2313 229 2377 tudine
245 2323 345 2397 atque
362 2312 472 2395 inopia
488 2323 590 2376 vasta.
640 2312 747 2396 Igitur
762 2323 882 2396 quarto
905 2313 959 2377 die
981 2323 1114 2396 praeter
1134 2335 1164 2384 14

112 2417 310 2484 Armeniam
341 2427 494 2500 penetrat
525 2418 566 2480 ad
597 2417 723 2500 Tigrin.
786 2418 874 2480 Tota
904 2417 996 2500 regio
1027 2418 1114 2480 ultra

112 2542 244 2585 amnem
269 2521 395 2585 recenti
419 2520 568 2584 fumabat
596 2520 769 2584 incendio:
800 2520 922 2603 quippe
946 2522 1111 2596 Mazaeus,

112 2645 341 2710 quaecumque
357 2624 491 2700 adierat,
510 2624 598 2687 haud
615 2645 712 2688 secus
733 2645 831 2707 quam
855 2624 962 2688 hostis
985 2625 1109 2688 urebat.

112 2730 166 2794 Ac
183 2729 288 2811 primo
305 2728 456 2811 caligine,
473 2750 572 2811 quam
589 2723 701 2792 fumus
722 2715 1114 2804 effuderat,obscurante
1134 2751 1162 2805 ¹5

60 2855 87 2898 ns
112 2834 221 2897 lucem
238 2832 430 2895 insidiarum
451 2845 543 2895 metu
568 2832 739 2896 substitit:
763 2832 883 2895 deinde
907 2842 944 2896 ut
968 2833 1114 2914 specula-

112 2947 202 3001 tores
218 2935 391 3018 praemissi
407 2946 480 2999 tuta
496 2937 608 2999 omnia
625 2937 871 3012 nuntiaverunt,
885 2957 1008 3018 paucos
1025 2937 1113 3019 equi·

112 3049 185 3105 tum
201 3041 242 3104 ad
257 3041 490 3121 temptandum
507 3042 627 3105 vadum
643 3041 790 3105 fluminis
806 3040 995 3122 praemisit:
1018 3042 1113 3106 cuius

112 3144 252 3209 altitudo
275 3143 381 3225 primo
405 3165 535 3207 summa
558 3165 715 3228 equorum
738 3154 884 3226 pectora,
908 3166 993 3221 mox,
1018 3156 1055 3209 ut
1079 3145 1113 3208 in

112 3248 258 3312 medium
272 3248 402 3310 alveum
415 3257 553 3311 ventum
566 3258 626 3322 cst,
639 3248 784 3312 cervices
795 3269 926 3331 quoque
939 3251 1110 3332 aequabat.

61 3377 88 3417 ao
115 3353 188 3416 Nec
214 3372 295 3415 sane
321 3351 405 3415 alius
435 3354 477 3415 ad
508 3351 658 3416 Orientis
685 3352 815 3435 plagam
847 3362 915 3416 tam
946 3354 1112 3416 violentus
1134 3362 1164 3411 16

113 3455 288 3530 invehitur,
307 3455 487 3519 multorum
504 3455 703 3519 torrentium
720 3477 788 3520 non
803 3477 905 3540 aquas
924 3457 1039 3532 solum,
1054 3458 1112 3520 sed

113 3560 222 3624 etiam
237 3580 316 3623 saxa
338 3579 453 3623 secum
476 3560 622 3623 trahens.
669 3560 787 3644 Itaque
809 3581 829 3624 a
852 3559 1031 3636 celeritate,
1049 3582 1115 3643 qua

48 3763 69 3801 ⁴¹
85 3747 185 3800 ‘mm'
194 3749 289 3795 ΨΜ
344 3770 365 3808 7·
381 3755 479 3808 extendi,
488 3755 514 3800 be
524 3758 615 3812 spread
625 3755 722 3810 out,i.e.
732 3755 803 3797 marte
811 3752 869 3806 flat.
922 3760 960 3796 m,-
972 3735 1218 3790 &immaniinma—

393 3834 429 3875 30·
445 3822 476 3866 ad
483 3822 589 3868 Orientis
598 3824 704 3880 plagam,
712 3823 741 3866 ἐκ
751 3819 790 3862 tlte
801 3817 876 3859 Euat.
