2476 4036
105 152 146 216 32
473 131 511 210 Q.
539 129 635 197 Curti
654 131 739 215 Rufi

105 317 343 400 Minervaeque
367 314 505 380 sacratis
530 315 661 400 Syriam
691 314 777 398 petit
808 314 1022 391 Damascum,
1047 312 1110 380 ubi

103 421 192 506 regis
207 440 289 505 gaza
303 430 384 498 erat,
403 419 620 483 Parmenione
635 418 825 502 praemisso.

495 672 579 738 Cnr.
605 672 706 737 XIII.

72 871 84 909 r
148 841 312 926 Quicum
337 839 554 924 processisset
585 850 619 904 et
650 840 753 904 Darei
779 850 945 923 satrapam
967 843 1110 926 oppemi

102 968 137 1009 se
160 945 376 1028 conperisset,
401 945 538 1020 veritus,
563 965 606 1008 ne
629 945 780 1028 paucitas
807 966 943 1009 suorum
971 966 1106 1028 sperne-

71 1059 204 1126 aretur,
222 1069 392 1114 accersere
408 1048 567 1112 maiorem
591 1069 726 1113 manum
750 1049 875 1113 statuit.
924 1050 993 1114 Sed
1015 1047 1104 1116 forte
1144 1066 1158 1107 ⁶

104 1153 138 1217 in
155 1153 380 1236 exploratores
395 1154 437 1217 ab
454 1172 493 1216 eo
509 1153 708 1235 praemissos
725 1153 839 1217 incidit
858 1153 993 1217 natione
1017 1155 1105 1218 Mar-

104 1259 175 1333 dus,
200 1257 256 1341 qui
279 1258 321 1321 ad
345 1257 562 1321 Parmeniona
584 1258 765 1339 perductus
787 1257 916 1321 litteras
939 1258 981 1321 ad
1004 1258 1106 1323 Alex-

103 1363 244 1425 andrum
268 1381 288 1425 a
314 1361 483 1444 praefecto
514 1361 670 1425 Damasci
700 1362 818 1426 missas
849 1362 948 1426 tradit
979 1363 1010 1427 ei
1040 1383 1105 1429 nec

104 1466 256 1531 dubitare
272 1486 358 1542 eum,
375 1466 453 1549 quin
471 1487 604 1530 omnem
622 1466 744 1549 regiam
764 1466 1003 1550 supellectilem
1027 1488 1104 1531 cum

71 1571 246 1653 specunia
276 1571 431 1646 traderet,
463 1570 592 1634 adiecit.
656 1572 828 1635 Parmenio
858 1571 1023 1635 adservari
1062 1591 1103 1636 eo
1129 1589 1156 1630 ro

104 1675 194 1739 iusso
209 1675 340 1740 litteras
355 1675 471 1757 aperit,
489 1674 523 1738 in
539 1675 613 1758 quis
630 1685 700 1738 erat
724 1675 894 1756 scriptum,
912 1687 949 1739 ut
973 1684 1103 1741 mature

104 1779 297 1844 Alexander
326 1779 468 1862 aliquem
500 1799 540 1842 ex
570 1780 710 1844 ducibus
741 1780 810 1843 suis
839 1780 988 1844 mitteret
1026 1801 1104 1844 cum

104 1904 205 1947 manu
235 1884 362 1968 exigua,
393 1884 449 1948 cui
477 1886 620 1948 traderet
647 1904 872 1967 quaecumque
905 1904 963 1948 rex
998 1904 1103 1967 penes

76 2072 80 2077 ᾖ
104 1988 213 2071 ipsum
230 1988 437 2072 reliquisset:
461 1988 572 2072 itaque
589 1989 742 2052 Mardum
759 1989 845 2053 datis
861 1988 1038 2053 comitibus
1061 1989 1103 2052 ad

70 2092 306 2174 4proditorem
330 2093 479 2157 remittit.
534 2092 595 2156 Ille
618 2113 637 2156 e
660 2092 812 2157 manibus
843 2093 1104 2157 custodientium
1129 2112 1155 2154 u

104 2197 217 2278 lapsus
234 2197 435 2261 Damascum
453 2205 532 2261 ante
547 2197 655 2261 lucem
676 2196 787 2262 intrat.
834 2197 1041 2279 Turbaverat
1064 2217 1105 2262 ea

105 2320 158 2365 res
175 2300 402 2364 Parmenionis
417 2301 564 2365 animum
582 2300 717 2366 insidias
733 2301 883 2365 timentis
899 2311 933 2365 et
950 2301 1103 2385 ignotum

105 2404 170 2469 iter
184 2405 257 2469 sine
272 2406 356 2469 duce
371 2424 439 2468 non
455 2405 598 2468 audebat
615 2404 750 2487 ingredi.
800 2405 967 2470 Felicitati
988 2413 1103 2469 tamen

106 2509 194 2591 regis
210 2509 261 2572 sui
277 2509 424 2573 confisus
444 2518 604 2592 agrestes,
622 2508 678 2591 qui
701 2510 802 2573 duces
826 2508 954 2573 itineris
977 2516 1102 2586 essent,

105 2613 211 2696 excipi
227 2613 334 2678 iussit.
382 2612 514 2696 Quibus
531 2613 683 2676 celeriter
698 2613 838 2695 repertis
860 2623 978 2696 quarto
993 2613 1048 2677 die
1062 2613 1104 2677 ad
1129 2635 1156 2676 u

105 2718 221 2781 urbem
237 2716 389 2800 pervenit
405 2717 471 2780 iam
487 2726 660 2780 metuente
677 2716 855 2799 praelecto,
873 2738 916 2782 ne
932 2716 996 2782 sibi
1017 2717 1104 2781 fides

72 2821 218 2885 5habita
243 2841 311 2885 non
339 2830 438 2885 esset.
490 2810 599 2904 Igitur
625 2820 718 2904 quasi
745 2841 861 2903 parum
888 2819 1105 2885 munimentis

105 2924 217 3007 oppidi
241 2926 350 2989 fidens
376 2934 455 2989 ante
482 2925 561 2989 solis
588 2935 697 2989 ortum
724 2925 900 3007 pecuniam
926 2925 1107 3008 regiam-

105 3049 218 3112 gazam
250 3030 369 3094 Persae
399 3039 520 3094 vocant
540 3068 584 3077 -
604 3051 680 3093 cum
710 3029 958 3112 pretiosissimis
995 3048 1105 3092 rerum

106 3134 217 3197 efferri
243 3134 345 3209 iubet,
368 3131 482 3217 fugam
510 3134 679 3208 simulans,
707 3154 856 3208 revera,
884 3142 922 3197 ut
949 3133 1104 3215 praedam
1130 3157 1158 3198 ar

73 3238 196 3301 chosti
218 3239 363 3302 offerret.
412 3239 520 3302 Multa
543 3238 634 3302 milia
663 3238 808 3300 virorum
839 3236 1105 3319 feminarumque
1119 3239 1157 3302 34

107 3343 324 3406 excedentem
340 3341 460 3424 oppido
482 3343 715 3425 sequebantur,
733 3341 887 3405 omnibus
910 3339 1106 3404 miserabilis

106 3446 205 3510 turba
216 3455 348 3528 praeter
359 3466 444 3520 eum,
459 3446 552 3510 cuius
566 3445 642 3509 fidei
658 3445 835 3509 commissa
850 3453 931 3508 erat.
972 3442 1107 3527 Quippe

107 3570 172 3630 quo
201 3549 307 3614 maior
330 3548 532 3632 proditionis
564 3569 691 3615 merces
721 3549 820 3626 foret,
850 3547 985 3612 obicere
1016 3545 1112 3610 hosti

92 3723 281 3779 '“pmfflhvd
325 3755 347 3795 9.
365 3757 425 3796 eum,
438 3744 860 3804 iaedbegoamorqt'vamascns.
900 3725 1200 3790 §.mmmmm

384 3809 483 3857 labain.
528 3829 567 3870 29·
580 3827 684 3868 meroes,
695 3808 816 3858 reward.
878 3836 881 3841 -
1045 3835 1047 3839 ·
