2476 4036
317 169 547 232 Historiarum
570 168 756 232 Alexandri
776 167 837 243 IV,
867 185 913 232 11.
1073 181 1112 248 75

115 352 275 435 Opimum
306 374 447 437 regnum
478 373 640 436 occupare
676 372 777 435 posse
807 351 1013 428 condicione,
1046 374 1113 416 non
1134 373 1164 422 13

115 458 211 534 bellu
224 478 286 522 nec
301 478 500 541 quemquam
513 456 613 521 alium
626 458 714 520 inter
731 458 853 521 Istrum
866 467 900 520 et
917 457 1114 539 Euphraten

114 562 304 643 possedisse
315 571 421 624 terras
433 561 563 644 ingenti
573 561 681 642 spatio
693 561 932 644 intervalloque
940 562 1112 625 discretas.

116 665 345 730 Macedoniam
368 685 499 748 quoque
521 665 633 746 potius
656 665 846 746 respiceret,
871 686 970 748 quam
995 666 1115 729 Bactra

76 788 89 829 r
115 777 149 831 et
161 769 262 832 Indos
274 769 468 831 intueretur.
518 769 655 851 Ingrata
665 769 771 831 oratio
781 769 851 851 regi
863 769 935 832 fuit.
985 770 1112 853 Itaque,
1136 789 1166 837 14

116 882 152 934 ut
175 873 273 936 tinem
298 872 431 935 dicendi
453 872 543 948 fecit,
563 880 582 907 “
594 874 638 935 Et
655 872 748 954 eg0,”
767 873 884 955 inquit,
906 874 1113 954 “pecuniam

115 996 212 1058 quam
229 976 367 1058 gloriam
384 976 523 1050 mallem,
542 976 569 1038 si
587 976 760 1039 Parmenio
777 997 908 1040 essem:
932 998 1022 1041 nunc
1038 977 1116 1040 Ale-

114 1081 240 1142 xander
255 1081 296 1142 de
312 1089 507 1162 paupertate
523 1100 660 1143 securus
677 1100 751 1144 sum
771 1091 804 1144 et
826 1102 879 1144 me
903 1101 971 1144 non
994 1102 1116 1145 merca-

116 1193 222 1246 torem
238 1183 375 1246 memini
391 1203 475 1260 esse,
493 1185 552 1246 sed
573 1203 695 1266 regem.
744 1185 836 1247 Nihil
853 1185 986 1268 quidem
1008 1186 1115 1249 habeo
1136 1202 1164 1256 15

64 1307 91 1348 ιο
115 1287 241 1363 venale,
259 1287 318 1350 sed
341 1287 508 1350 fortunam
526 1307 633 1350 meam
650 1287 765 1371 utique
780 1308 848 1352 non
864 1290 992 1353 vendo:
1015 1290 1115 1371 capti-

115 1411 176 1454 vos
198 1390 227 1454 si
257 1391 366 1472 placet
397 1391 499 1467 reddi,
522 1391 697 1455 honestius
728 1393 814 1455 dono
838 1393 998 1469 dabimus,
1016 1414 1115 1476 quarn

56 1521 59 1526 ·
115 1493 224 1577 pretio
250 1494 490 1558 remittemus.''
548 1496 753 1559 Introductis
781 1495 901 1559 deinde
928 1497 1047 1579 legatis
1074 1499 1115 1561 ad

116 1599 205 1663 hunc
222 1599 355 1662 modum
380 1599 573 1680 respondit:
598 1599 794 1663 “Nuntiate
817 1600 928 1663 Dareo
951 1621 1014 1676 me,
1031 1622 1116 1684 quae
1137 1606 1168 1656 ¹6

116 1702 253 1766 fecerim
281 1703 463 1766 clementer
490 1704 738 1782 etliberaliter,
763 1723 829 1767 non
855 1703 1020 1768 amicitiae
1045 1706 1116 1769 eius

66 1828 92 1869 ιε
117 1806 283 1882 tribuisse,
301 1809 361 1870 sed
384 1817 522 1871 naturae
538 1827 639 1872 meae.
688 1808 817 1871 Bellum
834 1828 909 1872 curn
926 1809 1066 1890 captivis
1082 1819 1116 1872 et
1138 1830 1167 1883 ¹7

116 1910 253 1974 feminis
268 1931 384 1995 gerere
400 1932 467 1974 non
484 1913 595 1976 soleo:
619 1922 766 1976 armatus
791 1912 834 1975 sit
858 1922 1000 1995 oportet,
1018 1935 1115 1996 quem

118 2015 254 2079 oderim.
311 2015 439 2098 Quodsi
468 2015 587 2080 saltem
618 2036 734 2098 pacem
764 2017 852 2079 bona
882 2017 947 2080 fide
973 2027 1116 2100 peteret,
1138 2029 1168 2078 18

117 2119 334 2183 deliberarem
361 2117 511 2195 forsitan,
539 2140 582 2183 an
607 2122 729 2184 darem.
784 2119 911 2183 Verum
937 2121 1117 2198 enimvero,

119 2243 195 2287 cum
211 2225 309 2286 modo
325 2223 448 2287 milites
465 2243 557 2287 meos
576 2222 697 2287 litteris
713 2223 754 2286 ad
770 2224 1001 2304 proditionem,
1020 2227 1118 2288 modo

65 2349 94 2391 ao
118 2327 243 2390 amicos
253 2328 294 2390 ad
310 2327 492 2409 perniciem
508 2348 615 2391 meam
631 2327 773 2409 pecunia
784 2327 949 2404 sollicitet,
963 2330 1005 2392 ad
1020 2328 1119 2392 inter-

118 2431 293 2497 necionem
311 2431 392 2494 mihi
408 2433 656 2514 persequendus
673 2439 733 2506 est,
746 2451 812 2493 non
825 2441 862 2494 ut
875 2432 984 2495 iustus
1001 2433 1117 2508 hostis,

120 2537 178 2600 sed
202 2545 238 2599 ut
262 2556 438 2619 percussor
459 2537 635 2600 veneficus.
685 2535 907 2599 Condiciones
923 2556 1001 2599 vero
1017 2537 1117 2618 pacis,
1140 2552 1170 2602 19

119 2660 202 2723 quas
218 2640 366 2714 adfertis,
381 2640 408 2703 si
419 2659 586 2722 accepera,
599 2640 759 2707 victorem
770 2659 845 2702 eum
861 2637 996 2704 faciunt.
1024 2640 1119 2723 Quae

119 2753 196 2825 post
223 2745 418 2827 Euphraten
446 2752 534 2820 sunt,
557 2743 738 2807 liberaliter
764 2744 873 2807 donat.
923 2743 991 2808 Ubi
1018 2744 1121 2826 igitur

69 2871 95 2912 u
120 2868 174 2911 me
184 2848 320 2923 adeatiS,
334 2848 428 2912 obliti
439 2847 540 2911 estis:
558 2867 679 2929 nempe
690 2848 776 2910 ultra
793 2848 989 2929 Euphraten
1007 2847 1117 2932 [sum].

122 2951 296 3016 Summum
309 2972 387 3034 ergo
403 2951 500 3027 dotis,
511 2972 610 3035 quam
626 2951 801 3033 promittit,
815 2950 994 3014 terminum
1012 2961 1121 3016 castra

121 3075 196 3119 mea
210 3063 394 3119 transeunt.
443 3055 535 3118 Hinc
551 3076 604 3118 me
620 3054 784 3136 depellite,
797 3064 833 3118 ut
851 3055 953 3118 sciam
970 3066 1120 3119 vestrum
1140 3077 1172 3114 20

122 3179 205 3235 esse,
222 3179 288 3243 quo
305 3158 431 3224 ceditis.
480 3160 606 3223 Eadem
627 3158 825 3221 liberalitate
841 3159 996 3221 datmihi
1019 3159 1121 3222 filiam

100 3283 239 3335 suam:
261 3283 382 3344 nempe
398 3284 496 3347 quarn
514 3263 582 3326 scio
601 3262 698 3326 alicui
722 3282 891 3325 servorum
915 3263 986 3326 eius
1003 3273 1123 3345 nuptu-

71 3391 98 3432 so
122 3387 201 3431 ram.
260 3367 406 3430 Multum
437 3387 515 3430 vero
547 3366 627 3429 mihi
657 3374 814 3447 praestat,
840 3364 868 3428 si
899 3387 953 3430 me
984 3368 1122 3430 Mazaeo

123 3491 283 3555 generum
296 3470 485 3552 praeponit!
519 3471 579 3545 Ite,
592 3469 745 3533 nuntiate
762 3468 832 3552 regi
848 3480 970 3545 vestro,
987 3479 1021 3534 et
1038 3492 1121 3553 quae
1140 3492 1170 3530 21

123 3574 233 3640 amisit
254 3583 288 3638 et
305 3594 389 3658 quae
412 3576 520 3639 adhuc
542 3575 652 3650 habet,
670 3573 818 3656 praemia
839 3593 916 3636 esse
937 3573 1021 3636 belli
1030 3596 1043 3635 ·.
1059 3575 1130 3633 huc

59 3778 80 3819 3·
94 3763 350 3832 dt'scretaueepmted.
380 3787 410 3816 ru
428 3772 518 3829 utique,
528 3776 555 3818 at
564 3786 615 3827 any
625 3775 692 3814 rate.
728 3752 1047 3821 ampeicmurmsuxxtu·
1079 3741 1202 3783 ’ΜΝ

532 3854 567 3896 32.
581 3833 776 3892 boma-bello·
