2476 4036
111 167 154 231 86
479 166 516 244 Q.
544 163 641 230 curti
660 164 745 249 Rufi

110 348 290 413 timuistis:
320 368 404 432 quae
427 347 483 412 ubi
507 348 649 431 primum
673 348 835 431 impeturn
859 345 988 426 effudit,
1020 350 1114 415 velut

64 472 94 520 14
111 452 272 535 quaedam
299 451 453 515 animalia
480 452 601 515 emisso
628 454 753 527 acule0,
782 436 901 535 torpet.
959 453 1008 516 Hi
1034 474 1115 518 vero

111 555 219 637 campi
240 556 488 636 deprehendere
510 556 721 638 paucitatem,
739 577 837 639 quam
862 556 1000 621 Ciliciae
1022 578 1117 620 mon-

110 669 163 722 tes
196 659 448 723 absconderant.
511 658 643 723 Videtis
682 660 816 723 ordines
853 680 953 736 raros
987 680 1115 725 cornua

111 771 255 839 extenta,
279 763 422 826 mediam
445 763 551 826 aciem
574 783 702 838 vanarn,
728 764 942 828 exhaustam:
965 784 1045 827 nam
1069 763 1115 827 ul-

111 867 193 943 timi,
204 887 287 950 quos
300 866 420 930 locavit
432 886 575 942 aversos,
590 875 686 948 terga
696 866 762 930 iam
774 867 943 949 praebent.
982 866 1113 944 Obteri,

111 971 310 1046 mehercule,
343 990 502 1053 equorum
533 970 667 1052 ungulis
697 980 848 1052 possunt,
874 970 1006 1034 etiamsi
1029 970 1114 1034 nihil

64 1098 93 1152 15
111 1083 243 1156 praeter
257 1074 397 1138 falcatos
413 1093 531 1138 currus
548 1073 697 1138 emisero.
745 1075 790 1137 Et
813 1074 901 1137 bello
924 1073 1113 1151 vicerimus,

112 1178 140 1242 si
162 1177 302 1241 vicimus
330 1178 473 1260 proelio:
504 1198 580 1240 nam
608 1198 652 1241 ne
679 1177 743 1240 illis
771 1177 903 1260 quidem
931 1179 972 1241 ad
998 1178 1115 1262 fugam

111 1281 204 1345 locus
224 1291 296 1346 est:
319 1281 397 1345 hinc
422 1282 621 1363 Euphrates,
639 1281 730 1345 illinc
753 1281 865 1364 Tigris
888 1282 1044 1364 prohibet
1069 1282 1117 1345 in·
1142 1300 1167 1340 ιο

66 1385 231 1454 reclusos.
279 1386 324 1448 Et
340 1405 425 1468 quae
440 1394 539 1448 antea
558 1405 618 1466 pro
642 1384 706 1448 illis
730 1395 834 1461 erant,
852 1385 886 1448 in
911 1386 1115 1450 contrarium

111 1509 208 1552 versa
233 1497 319 1552 sunt.
368 1489 530 1551 Nostrum
557 1488 679 1551 mobile
709 1498 743 1552 et
774 1488 964 1570 expeditum
991 1510 1115 1571 agmen

112 1601 173 1668 est,
191 1592 271 1655 illud
290 1593 411 1674 praeda
435 1611 543 1675 grave.
594 1592 777 1674 Inplicatos
800 1612 880 1674 ergo
904 1592 1017 1675 spoliis
1041 1614 1117 1656 nos-

112 1695 173 1760 tris
186 1696 434 1771 trucidabimus,
449 1697 630 1778 eademque
642 1716 695 1759 res
712 1705 746 1758 et
762 1715 862 1760 causa
878 1696 940 1758 erit
956 1695 1116 1760 victoriae

66 1822 96 1875 ¹7
113 1809 147 1864 et
159 1797 298 1863 fructus.
339 1799 468 1882 Quodsi
480 1821 579 1882 quem
592 1820 611 1862 e
622 1799 716 1862 vobis
728 1820 851 1863 nomen
863 1799 974 1882 gentis
991 1809 1114 1876 movet,
1142 1820 1167 1859 ιε

113 1903 246 1986 cogitet,
280 1904 502 1967 Macedonum
534 1903 599 1967 illic
630 1922 720 1965 arma
750 1922 834 1979 esse,
851 1923 934 1965 non
965 1923 1112 1985 corpora.

114 2007 258 2069 Multum
275 2007 364 2070 enirn
377 2007 574 2089 sanguinem
586 2006 729 2070 invicem
742 2007 921 2083 hausimuS,
936 2015 969 2069 et
983 2026 1117 2088 semper

66 2128 96 2178 18
113 2111 244 2193 gravior
269 2111 304 2173 in
330 2111 498 2192 paucitate
528 2110 655 2174 iactura
685 2119 745 2175 est.
793 2111 881 2173 Nam
912 2110 1114 2186 Alexander,

113 2224 402 2297 quantuscumque
418 2214 546 2296 ignavis
563 2223 596 2276 et
613 2213 737 2276 timidis
754 2213 857 2277 videri
874 2223 995 2295 potest,
1010 2235 1114 2278 unum

112 2318 235 2381 animal
260 2327 311 2380 est
339 2327 382 2393 et,
412 2318 541 2400 siquid
565 2317 645 2379 mihi
670 2317 813 2392 creditis,
839 2317 1051 2380 temerarium
1080 2327 1115 2381 et
1143 2339 1169 2379 20

112 2442 238 2497 vecors,
251 2422 359 2485 adhuc
375 2430 491 2484 nostro
507 2441 637 2503 pavore,
651 2442 749 2503 quam
763 2441 823 2484 sua
834 2421 959 2483 virtute
972 2420 1114 2486 felicius

66 2545 96 2595 19
113 2526 208 2588 Nihil
234 2535 347 2588 autern
373 2534 484 2607 potest
506 2545 581 2588 esse
602 2523 805 2599 diuturnum,
828 2525 881 2588 cui
906 2544 973 2586 non
998 2525 1116 2589 subest

113 2629 205 2694 ratio.
259 2629 354 2693 Licet
380 2628 525 2692 felicitas
552 2629 720 2710 adspirare
746 2628 907 2703 videatur,
935 2637 1049 2691 tamen
1072 2630 1116 2692 ad

112 2734 267 2797 ultimum
283 2732 464 2797 temeritati
482 2753 549 2796 non
567 2724 697 2796 sufficit.
747 2732 923 2795 Praeterea
939 2732 1057 2795 breves
1080 2742 1116 2796 et

113 2839 291 2902 mutabiles
321 2837 411 2902 vices
442 2857 552 2900 rerum
584 2846 671 2910 sunt,
703 2844 737 2898 et
768 2835 903 2898 fortuna
933 2856 1115 2918 numquam
1143 2860 1170 2900 ns

63 2965 96 3002 20
113 2940 308 3022 simpliciter
337 2942 497 3023 indulget.
551 2941 705 3003 Forsitan
737 2938 784 3003 ita
814 2939 859 3002 dii
889 2939 960 3002 fata
989 2939 1118 3003 ordina-

112 3043 231 3120 verint,
256 3054 292 3107 ut
318 3047 490 3108 Persarum
514 3044 698 3126 imperium,
724 3044 812 3125 quod
836 3044 983 3107 secundo
1015 3064 1115 3108 cursu

112 3168 172 3229 per
196 3166 310 3211 ccxxx
331 3169 436 3211 annos
464 3150 504 3211 ad
532 3169 699 3211 summum
726 3146 897 3229 fastigium
925 3157 1114 3224 evexerant,

112 3271 235 3333 magno
265 3262 359 3314 motu
390 3261 607 3315 concuterent
638 3252 744 3334 magis
777 3272 877 3333 quam
916 3251 1115 3334 adfligerent

111 3356 395 3438 admonerentque
411 3375 471 3418 nos
487 3355 677 3437 fragilitatis
699 3355 875 3430 humanae,
893 3355 988 3419 cuius
1013 3354 1116 3419 nimia
1142 3380 1169 3420 ao

63 3485 92 3522 21
112 3460 146 3524 in
170 3459 337 3542 prosperis
361 3460 460 3521 rebus
484 3458 606 3522 oblivio
629 3468 689 3523 est.
738 3459 839 3522 Modo
863 3459 1001 3523 Graecis
1027 3459 1114 3522 ultro

98 3561 227 3625 bellum
256 3559 512 3627 inferebamus:
543 3583 633 3628 nunc
662 3562 699 3626 in
721 3561 856 3626 sedibus
887 3563 1012 3627 nostris
1042 3583 1116 3644 pro

15 3792 24 3812 y·
45 3747 67 3776 2.
83 3743 260 3803 aculeoatthg.
295 3771 318 3808 3.
336 3757 513 3811 deprehendere
526 3757 594 3814 (perf,
607 3755 751 3807 ind.),have
761 3749 908 3794 discovered.
941 3762 962 3798 q.
975 3746 1199 3812 absconderantsffl

15 3809 90 3873 ,m'
144 3809 168 3848 6·
184 3812 279 3869 ola-teti,
292 3824 436 3877 trampled
447 3827 533 3870 down,
587 3838 626 3866 21.
642 3815 875 3868 veemesmsetess.
892 3810 956 3850 mad·
1004 3820 1039 3856 Ἁ-
1052 3803 1214 3851 *mmmm

15 3863 112 3910 ‘'ma'’
159 3877 503 3944 ”ulahumflmhem
552 3909 588 3950 29·
606 3892 775 3937 concuterent,
785 3879 872 3924 shake.
907 3865 1201 3923 affissssffilssa‘lfflss
