2476 4036
271 177 499 242 Historiarum
523 177 711 242 Alexandri
730 177 794 255 III,
820 179 849 255 8,
873 142 918 260 9.ἱ
1067 190 1106 239 21

107 358 309 427 indicabant.
356 363 453 427 Tunc
474 362 659 427 consistere
682 381 802 445 agmen
825 360 918 425 iubet
941 357 1109 444 armisque

108 465 180 548 ipse
197 465 339 549 sumptis
355 465 460 530 aciem
476 467 614 530 ordinat.
633 472 636 478 '

56 570 94 632 22
153 570 264 634 Dareo
288 571 469 634 adventum
492 571 638 634 hostium
661 569 772 653 pavidi
798 578 949 653 agrestes
980 569 1108 634 nuntia·

107 682 239 749 verunt,
257 673 312 737 vix
327 675 477 738 credenti
493 695 664 738 occurrere
687 674 797 750 etiam,
815 695 898 757 quos
922 684 958 737 ut
981 673 1110 756 fugien-

68 795 82 834 ε
108 785 160 841 tes
177 778 385 860 sequebatur.
434 779 525 861 Ergo
541 799 609 841 non
625 778 800 841 mediocris
817 777 964 842 omnium
979 778 1109 841 animos
1126 792 1158 850 25

108 881 241 945 incessit
253 881 575 964 formido-quippe
590 882 700 945 itineri
712 904 811 964 quam
824 882 947 964 proelio
963 881 1109 964 aptiores

32 1024 35 1029 ·
108 985 452 1069 erant—raptimque
464 1006 555 1049 arma
570 986 753 1068 capiebant.
803 986 871 1050 Sed
888 985 960 1069 ipsa
974 985 1109 1050 festina·
1127 995 1160 1047 26

108 1088 156 1152 tio
168 1089 423 1154 discurrentium
437 1110 580 1173 suosque
593 1091 634 1153 ad
646 1110 736 1154 arma
748 1090 937 1154 vocantium
950 1090 1108 1153 maiorem

108 1200 235 1257 metum
259 1193 418 1258 incussit:
441 1193 496 1256 alii
519 1194 552 1256 in
577 1194 691 1276 iugum
716 1194 839 1258 montis
862 1204 1046 1269 evaserant,
1070 1203 1108 1258 ut

57 1301 94 1358 ιο·
110 1297 256 1362 hostium
273 1318 393 1380 agmen
409 1297 486 1361 inde
502 1299 739 1380 prospicerent,
757 1318 860 1381 equos
876 1297 1024 1380 plerique
1047 1297 1110 1362 fre·

110 1402 244 1467 nabant.
265 1431 269 1446 ·
291 1402 430 1466 Discors
460 1402 625 1465 exercitus
656 1423 719 1466 nec
749 1403 791 1465 ad
822 1423 925 1465 unum
956 1402 1108 1466 intentus

110 1505 283 1587 imperium
302 1505 393 1568 vario
416 1506 573 1569 tumultu·
586 1515 708 1570 cuncta
730 1506 930 1569 turbaverat.
978 1505 1108 1569 Dareus
1127 1525 1159 1579 27

109 1608 205 1673 initio
231 1609 346 1693 iugum
373 1609 497 1672 montis
524 1631 599 1673 cum
627 1619 721 1692 parte
748 1609 916 1691 copiarum
947 1629 1109 1692 occupare

110 1713 237 1790 statuit,
257 1723 291 1777 et
315 1735 335 1777 a
356 1714 467 1777 fronte
491 1722 525 1777 et
547 1734 568 1776 a
589 1723 685 1796 tergo
709 1714 942 1776 circumiturus
966 1714 1108 1790 hostem,

58 1840 84 1884 u
110 1836 130 1880 a
153 1817 236 1881 mari
261 1838 400 1901 quoque,
427 1838 492 1900 quo
519 1819 671 1881 dextrum
697 1818 769 1881 eius
796 1838 898 1882 cornu
923 1818 1108 1900 tegebatur,

109 1920 192 1985 alios
207 1921 407 1997 obiecturus,
425 1931 462 1984 ut
485 1921 632 2004 undique
655 1931 821 2004 urgueret.
870 1922 1006 1985 Praeter
1028 1923 1109 1987 haec
1128 1929 1161 1980 28

109 2024 228 2108 viginti
243 2024 334 2088 milia
348 2025 530 2107 praemissa
546 2046 620 2089 cum
638 2024 884 2108 sagittariorum
901 2046 1001 2089 manu
1018 2026 1111 2089 Pina-

109 2149 182 2192 rum
198 2148 338 2204 amnem,
356 2129 414 2211 qui
429 2130 495 2192 duo
511 2129 647 2212 agmina
669 2129 891 2204 interfluebat,
909 2130 1052 2194 transire
1075 2140 1110 2195 et

109 2232 240 2296 obicere
256 2252 330 2296 sese
354 2233 576 2297 Macedonum
600 2232 704 2315 copiis
728 2233 888 2297 iusserat:
912 2232 940 2296 si
963 2233 997 2297 id
1020 2254 1112 2315 prae-

57 2362 85 2406 ω
110 2345 199 2400 stare
218 2355 286 2400 non
309 2345 457 2419 possent,
475 2338 684 2400 retrocedere
706 2337 741 2399 in
765 2348 898 2401 montes
921 2348 955 2401 et
979 2338 1110 2402 occulte

109 2440 283 2505 circumire
298 2440 434 2503 ultimos
452 2439 607 2503 hostium.
656 2441 814 2504 Ceterum
837 2441 1005 2505 destinata
1028 2442 1111 2506 salu·
1128 2460 1161 2510 29

109 2544 213 2609 briter
224 2544 314 2607 omni
328 2543 455 2607 ratione
468 2544 637 2626 potentior
647 2544 783 2608 fortuna
794 2545 968 2610 discussit:
987 2545 1110 2629 quippe
1127 2563 1161 2615 30

108 2648 163 2712 alii
187 2668 266 2732 prae
290 2658 383 2712 metu
410 2647 599 2730 imperium
613 2649 730 2732 exequi
757 2669 824 2712 non
852 2649 1028 2726 audebant,
1055 2650 1110 2714 alii

107 2753 233 2817 frustra
248 2753 505 2838 exequebantur,
522 2752 607 2836 quia,
626 2752 682 2817 ubi
704 2762 816 2836 partes
838 2753 962 2830 labant,
980 2774 1111 2819 summa

56 2868 83 2911 ²⁶
108 2856 271 2923 turbatur.

522 3002 604 3067 Cnr.
632 3003 693 3067 IX.

57 3181 94 3246 2³
152 3170 256 3237 Acies
268 3180 380 3235 autem
393 3171 456 3234 hoc
469 3170 566 3233 modo
584 3170 686 3234 stetit.
728 3171 941 3235 Nabarzanes
958 3171 1107 3255 equitatu
1144 3192 1156 3231 1

108 3276 260 3340 dextrum
276 3296 379 3340 cornu
395 3275 551 3339 tuebatur
571 3274 692 3338 additis
715 3274 921 3338 funditorum
945 3276 1109 3358 sagittari·

80 3388 268 3462 'orumque
283 3377 403 3461 viginti
425 3378 497 3441 fere
519 3378 661 3442 milibus
710 3378 749 3441 In
774 3379 891 3442 eodem
914 3380 1106 3464 Thymodes
1141 3405 1157 3442 a

108 3492 188 3560 erat,
214 3482 351 3547 Graecis
378 3482 545 3564 peditibus
576 3482 729 3546 mercede
759 3482 944 3558 conductis,
970 3483 1109 3565 triginta

55 3608 83 3650 u
107 3587 249 3664 milibus,
273 3585 497 3672 praepositus.
552 3587 633 3653 Hoc
661 3595 736 3651 erat
758 3586 860 3650 baud
886 3586 993 3647 ddn'xe
1014 3587 1122 3643 idm

33 3783 68 3825 η’
82 3771 249 3835 ‘mmm’
259 3780 394 3842 ’Μίκὶ
400 3791 423 3833 ίθ
430 3787 626 3840 δνννοκηᾱ,ὶὶιε
634 3785 679 3830 int.
687 3791 751 3839 part.
759 3775 1021 3832 expressimuumw
1062 3766 1103 3794 ‘⁴⁴²‘
1111 3746 1229 3790 w

438 3853 556 3900 knocleed
567 3859 589 3899 to
595 3854 691 3910 pieros,
701 3843 846 3893 stationi..
