2476 4036
108 155 151 222 74
476 139 512 217 Q.
540 137 636 204 Curti
656 140 739 223 Rufi

108 344 253 399 uxorem,
270 332 307 386 tu
333 324 465 386 hostem
493 323 596 405 luges.
645 323 715 385 Iam
741 322 776 386 in
801 322 872 388 acie
899 332 1016 401 stares,
1038 324 1105 389 nisi

107 449 187 494 cura
210 438 245 492 te
268 427 459 509 sepulturae
482 426 553 490 eius
584 436 775 491 moraretur.
824 427 954 510 Ecquid
984 428 1109 492 mirum

107 542 169 608 est,
186 531 215 595 si
235 541 303 594 tam
325 532 366 594 ab
387 530 494 594 amico
515 529 626 592 animo
648 550 765 611 pacem
786 531 897 612 petit?
920 531 999 614 quid
1022 553 1108 614 opus

74 646 89 701 5
107 647 160 702 est
175 635 286 711 armis,
304 635 392 698 inter
414 654 497 717 quos
521 633 595 696 odia
618 634 749 697 sublata
772 635 873 697 sunt?
919 634 1034 698 Antea
1050 636 1110 700 irn-

106 740 199 823 perio
214 749 273 803 tuo
288 739 388 802 finem
399 737 588 801 destinabat
606 737 730 821 Halym
741 757 881 813 amnem,
893 738 950 820 qui
965 739 1107 824 Lydiam
1147 758 1161 799 u

106 843 284 909 terminat:
307 862 405 916 nunc,
422 841 581 923 quidquid
605 841 692 903 inter
716 842 974 923 Hellespontum
990 852 1025 906 et
1042 844 1109 908 Eu÷

107 949 249 1029 phraten
270 954 331 1021 est,
349 945 384 1007 in
406 945 518 1008 dotem
542 944 629 1007 filiae
656 945 765 1020 offert,
780 966 879 1027 quarn
905 946 967 1009 tibi
993 948 1105 1012 tradit.

74 1051 240 1116 60chum
270 1049 383 1124 lilium,
401 1067 500 1131 quem
530 1048 643 1123 habea,
659 1049 751 1129 pacis
782 1058 816 1112 et
846 1049 923 1112 fidei
954 1050 1107 1114 obsidem

107 1155 223 1231 retine,
255 1162 396 1216 matrem
426 1161 460 1217 et
491 1154 572 1216 duas
603 1152 748 1235 virgines
779 1152 865 1216 filias
895 1154 1016 1220 redde:
1045 1176 1107 1236 pro

106 1259 214 1322 tribus
240 1257 432 1340 corporibus
456 1275 528 1319 xxx
552 1257 642 1319 milia
665 1257 826 1320 talentum
855 1257 926 1320 auri
951 1269 1108 1339 precatur
1135 1279 1161 1318 10

75 1362 259 1444 7accipias.
307 1361 383 1426 Nisi
402 1360 663 1424 moderationem
687 1360 789 1423 animi
813 1360 863 1423 tui
878 1371 992 1424 notam
1009 1362 1109 1426 habe-

107 1487 187 1542 rem,
206 1466 301 1550 [non]
318 1465 462 1529 dicerem
486 1465 549 1528 hoc
565 1483 638 1527 esse
661 1473 803 1545 tempus,
817 1484 883 1546 quo
905 1485 1023 1546 pacem
1038 1487 1107 1530 non

74 1572 186 1635 8dare
212 1571 329 1645 solum,
353 1570 412 1632 sed
438 1568 538 1631 etiam
567 1587 729 1649 occupare
754 1569 901 1632 deberes.
950 1569 1105 1651 Respice,

107 1683 268 1757 quantum
291 1682 367 1755 post
384 1682 418 1736 te
441 1671 633 1755 reliqueris:
657 1671 796 1747 intuere,
815 1673 975 1755 quantum
999 1684 1104 1755 petas.

109 1777 334 1842 Periculosum
364 1786 416 1840 est
446 1795 627 1858 praegrave
658 1775 855 1858 imperium:
889 1777 1023 1841 difficile
1054 1788 1106 1844 est
1134 1799 1161 1840 ro

107 1882 196 1946 enim
212 1881 393 1956 continere,
410 1881 497 1963 quod
514 1899 631 1960 capere
648 1900 714 1942 non
730 1880 847 1962 possis.
894 1882 1052 1955 Videsne,
1069 1892 1106 1948 ut

107 1984 249 2067 navigia,
257 2005 341 2067 quae
351 1985 485 2046 modum
497 1985 670 2060 excedunt,
680 1985 750 2067 regi
760 1986 948 2068 nequeant?
971 1987 1106 2063 Nescio,

108 2109 151 2152 an
175 2089 305 2151 Dareus
322 2088 395 2149 ideo
411 2096 479 2149 tam
495 2087 600 2150 multa
615 2088 771 2163 amiserit,
789 2089 866 2172 quia
882 2089 1003 2153 nimiae
1025 2112 1107 2173 opes

75 2210 92 2260 9
109 2211 249 2274 magnae
263 2191 410 2254 iacturae
426 2190 534 2254 locum
554 2191 691 2255 faciunt.
740 2192 885 2256 Facilius
905 2203 956 2257 est
973 2195 1106 2278 quidem

107 2296 250 2371 vincere,
268 2315 366 2377 quam
381 2294 468 2358 tueri
483 2297 666 2378 praedam:
689 2317 798 2378 quam,
816 2298 960 2373 hercule,
979 2299 1107 2381 expedi·
1134 2321 1161 2361 ao

107 2401 175 2464 tius
202 2419 320 2462 manus
347 2408 482 2462 nostrae
509 2399 651 2481 rapiunt,
669 2421 768 2483 quam
798 2401 982 2467 continent.
1031 2404 1109 2485 Ipsa

108 2523 197 2567 mors
221 2503 331 2566 uxoris
355 2503 458 2566 Darei
485 2505 664 2567 admonere
694 2515 728 2568 te
759 2515 871 2587 potest
901 2505 1011 2569 minus
1042 2507 1107 2570 iam

62 2635 93 2672 ro
108 2607 354 2673 misericordiae
379 2616 458 2670 tuae
484 2607 591 2682 licere,
621 2630 720 2691 quarn
745 2607 869 2673 licuit.’'
916 2609 1108 2674 Alexander
1121 2618 1161 2678 44

109 2712 228 2796 legatis
259 2712 418 2776 excedere
456 2713 668 2777 tabernaculo
700 2713 810 2789 iussis,
842 2713 921 2796 quid
952 2714 1106 2796 placeret,

108 2817 151 2880 ad
187 2815 364 2881 consilium
402 2813 512 2880 refert.
582 2818 651 2880 Diu
690 2838 797 2893 nemo,
837 2818 916 2901 quid
956 2818 1106 2895 sentiret,
1135 2841 1161 2880 πε

62 2944 90 2981 rr
109 2940 210 2983 ausus
233 2928 285 2983 est
315 2919 426 2983 dicere
456 2920 585 2985 incerta
614 2921 702 3005 regis
725 2923 908 2986 voluntate.
954 2923 1108 2987 Tandem

110 3024 281 3089 Parmenio
297 3035 396 3088 antea
412 3026 558 3089 suasisse
574 3026 630 3102 ait,
648 3036 684 3090 ut
701 3027 850 3108 captivos
866 3027 954 3108 apud
971 3028 1109 3091 Damas·

109 3151 185 3194 cum
202 3130 442 3194 redimentibus
465 3131 637 3195 redderet:
661 3130 830 3213 ingentem
855 3130 1031 3212 pecuniam
1054 3152 1110 3213 po·

27 3298 37 3314 ,
109 3234 214 3297 tuisse
237 3234 342 3317 redigi
358 3254 399 3298 ex
414 3234 476 3311 his,
494 3234 550 3317 qui
573 3234 669 3297 multi
685 3234 787 3297 vincti
803 3234 948 3297 virorum
971 3235 1109 3299 fortium

62 3359 93 3396 12
108 3349 310 3420 occuparent
326 3360 453 3404 manus.
502 3341 546 3402 Et
571 3360 658 3402 nunc
681 3357 885 3420 magnopere
907 3358 1054 3415 censere,
1072 3349 1109 3403 ut
1135 3363 1162 3403 ao

109 3463 210 3506 unam
233 3463 334 3505 anum
357 3452 390 3505 et
414 3445 495 3506 duas
526 3442 663 3523 puellas
683 3442 840 3505 itinerum
871 3443 1108 3525 agminumque

105 3545 346 3626 inpedimenta,
364 3565 435 3610 xxx
467 3546 600 3609 milibus
630 3545 795 3609 talentum
826 3546 897 3609 auri
928 3557 1105 3627 permutet.

71 3718 237 3783 '¹¹⁸²spst
276 3747 315 3778 θ’·
328 3734 461 3792 hunum.
508 3742 544 3785 28,
561 3739 735 3792 redimentibus,
744 3739 807 3783 stote
816 3737 869 3780 wito
877 3732 1184 3779 mandamentum.
