2476 4036
110 190 151 260 54
477 175 514 256 Q.
543 174 640 243 curti
659 177 744 261 Rufi

107 357 215 424 lamae
231 369 446 443 captaverant
468 381 590 438 auram,
615 371 661 438 ut,
686 380 896 446 quocumque
920 361 1109 444 pendentes

107 464 236 528 animos
252 464 383 528 tulisset
398 464 542 540 fortuna,
561 474 789 548 sequerentur.

60 576 90 628 ι3
152 567 310 631 Ceterum
332 589 399 632 non
422 568 494 650 ipse
521 570 620 633 modo
647 589 704 632 rex
731 569 845 633 obibat
874 570 973 633 urbes
1001 570 1159 636 adhucssd

108 673 222 755 iugum
234 672 364 754 imperii
377 682 578 749 recusantes,
594 673 652 736 sed
666 682 834 755 praetores
849 692 980 756 quoque
994 673 1110 755 ipsius,

108 776 235 859 egregii
264 778 374 852 duces,
399 777 556 859 pleraque
579 777 778 853 invaserant,
806 776 904 840 Calas
931 777 1112 860 Paphlago·
1149 798 1160 838 s

49 922 51 926 -
107 881 206 956 niam,
238 880 433 964 Antigonus
465 881 675 966 Lycaoniam.
739 881 896 945 Balacrus
937 881 1109 965 Hydarne,

60 996 91 1047 14
109 984 210 1049 Darei
226 994 388 1068 praetore,
406 994 563 1067 superato
579 985 690 1048 denuo
715 985 870 1048 Miletum
895 984 1004 1066 cepit:
1029 983 1112 1048 Am-

107 1090 266 1170 photerus
297 1098 331 1152 et
364 1088 580 1171 Hegelochus
604 1107 671 1174 crx
695 1089 828 1151 navium
854 1088 960 1152 classe
984 1087 1111 1151 insulas

107 1192 196 1256 inter
217 1191 381 1256 Achaiam
404 1202 505 1274 atque
528 1192 648 1256 Asiam
671 1192 705 1254 in
728 1191 891 1256 dicionem
925 1191 1111 1255 Alexandri

60 1313 89 1368 15
107 1296 316 1378 redegerunt.
370 1296 508 1359 Tenedo
532 1316 663 1379 quoque
687 1305 821 1377 recepta
844 1294 965 1359 Chium
991 1294 1111 1359 incolis
1135 1317 1161 1358 ro

107 1399 193 1463 ultro
222 1399 421 1463 vocantibus
452 1408 641 1463 statuerant
665 1419 847 1481 occupare:
878 1399 951 1462 sed.
969 1399 1112 1462 Pharna·

107 1503 216 1579 bazuS,
235 1503 336 1566 Darei
353 1512 493 1586 praetor,
512 1503 760 1585 conprehensis
779 1502 835 1585 qui
859 1523 911 1566 res
934 1503 975 1566 ad
1001 1502 1111 1566 Mace·

107 1607 211 1670 donas
233 1608 418 1682 trahebant,
442 1628 556 1670 rursus
580 1606 774 1689 Apollonidi
798 1617 831 1669 et
857 1605 1108 1689 Athenagorae,

107 1731 240 1774 suarum
264 1711 408 1793 partium
431 1710 521 1785 viris,
547 1711 662 1774 urbem
686 1731 762 1773 cum
787 1711 916 1773 modico
944 1710 1110 1792 praesidio

59 1831 90 1881 16
108 1813 249 1877 militum
280 1815 389 1878 tradit.
453 1814 618 1879 Praefecti
655 1814 853 1877 Alexandri.
870 1813 904 1876 in
935 1814 1110 1886 obsidione
1137 1836 1163 1877 ιι

106 1918 198 1981 urbis
221 1919 489 2000 perseverabant,
508 1939 575 1981 non
598 1927 667 1982 tam
692 1918 761 1981 suis
774 1918 841 2002 fisi
860 1917 985 1981 viribus
1009 1939 1110 2000 quam

106 2022 263 2104 ipsorum,
288 2023 346 2105 qui
369 2022 618 2097 obsidebantur,
642 2022 823 2086 voluntate.
884 2022 957 2085 Nec
988 2021 1110 2084 fefellit

107 2126 226 2208 opinio.
276 2127 429 2208 Namque
446 2127 534 2189 inter
549 2125 787 2208 Apollonidem
800 2135 833 2188 et
846 2127 948 2189 duces
965 2125 1110 2188 militum

107 2240 180 2294 orta
195 2229 314 2293 seditio
338 2230 549 2311 inrumpendi
573 2231 608 2292 in
632 2230 748 2293 urbem
772 2229 982 2293 occasionem
1007 2229 1108 2293 dedit.

59 2356 89 2409 17
108 2334 260 2416 Cumque
275 2343 371 2415 porta
386 2334 526 2397 effracta
548 2334 667 2397 cohors
691 2334 915 2397 Macedonum
940 2333 1109 2408 intrasset,
1138 2357 1165 2396 n

106 2437 264 2520 oppidani
286 2437 364 2501 olim
389 2437 528 2501 consilio
551 2437 747 2519 proditionis
773 2437 900 2519 agitato
925 2437 1111 2519 adgregant

60 2554 89 2603 ιε
107 2562 143 2605 se
159 2541 368 2622 Amphotero
384 2547 418 2604 et
437 2541 653 2623 Hegelocho:
680 2543 922 2622 Persarumque
947 2540 1111 2622 praesidio

44 2705 48 2713 .,
107 2665 204 2709 caeso
232 2645 463 2708 Pharnabazus
490 2665 566 2708 cum
594 2644 796 2726 Apollonide
826 2653 860 2708 et
892 2644 1113 2726 Athenagora

106 2748 210 2812 vincti
247 2749 432 2824 traduntur,
465 2767 516 2811 ΧΠ
547 2749 700 2812 triremes
731 2769 807 2812 cum
839 2743 899 2811 su'o
931 2747 1035 2811 milite
1072 2768 1112 2812 ac

108 2852 243 2935 remige,
260 2863 393 2934 praeter
411 2873 468 2917 eas
489 2871 561 2915 xxx
583 2853 697 2915 inanes
722 2861 756 2915 et
779 2871 797 2906 s
817 2871 835 2906 s
858 2850 987 2933 piratici
1011 2850 1113 2914 lembi
1139 2878 1166 2917 25

110 2957 377 3039 Graecorumque
401 2976 440 3019 111
465 2956 555 3020 milia
577 2977 597 3019 a
621 2956 730 3020 Persis
755 2957 909 3019 mercede
936 2955 1109 3019 conducta

109 3061 174 3124 His
202 3060 235 3122 in
263 3060 533 3142 supplementum
563 3060 731 3142 copiarum
761 3080 893 3123 suarum
924 3058 1112 3121 distributis

107 3164 289 3247 piratisque
302 3164 463 3246 supplicio
475 3165 616 3228 adfectis
630 3164 778 3246 captivos
797 3163 942 3245 remiges
961 3162 1112 3226 adiecere

105 3267 205 3332 classi
221 3288 308 3332 suae.

59 3388 90 3443 ¹9
151 3373 253 3436 Forte
269 3372 491 3449 Aristonicus,
507 3374 821 3458 Methymnaeorum
838 3382 1010 3457 tyrannus,
1032 3391 1108 3433 cum
1127 3379 1169 3440 24

107 3475 255 3557 piraticis
270 3477 410 3540 navibus
430 3478 566 3559 ignarus
590 3479 746 3551 omnium,
765 3497 850 3560 quae
873 3477 960 3558 apud
985 3473 1110 3539 Chium
1140 3495 1168 3535 ³1

90 3587 171 3637 acta
192 3589 297 3654 erant,
312 3580 426 3661 prima
450 3580 563 3666 vigilia
579 3582 620 3646 ad
637 3590 754 3666 portus
777 3581 921 3645 claustra
944 3578 1110 3643 successit

57 3706 118 3792 ἱ
307 3784 329 3812 1·
343 3783 433 3829 auram,
443 3775 544 3825 breath.
591 3736 624 3834 ds.
641 3777 721 3832 lembi,
732 3776 793 3831 light
802 3773 900 3818 vessels.
