2476 4036
279 179 509 244 Historiarum
530 179 718 245 Alexandri
736 181 760 243 J
766 180 798 258 V,
822 199 853 261 4,
880 195 906 262 ς.
1051 196 1089 263 53

88 363 225 448 quando
248 363 519 428 aditurum—ne
543 364 728 447 Sogdianos
752 373 786 429 et
809 364 1012 429 Arachosios
1036 384 1092 429 no·

89 467 221 533 mium
242 477 437 551 ceterasque
463 478 582 551 gentes
609 469 650 532 ad
678 469 864 533 Caucasum
895 478 930 533 et
959 469 1090 533 Tanain

89 571 329 655 pertinentes?
358 571 608 638 Senescendum
624 573 696 636 fore
712 582 843 636 tantum
859 582 1021 637 terrarum
1037 573 1090 636 vel

89 676 165 740 sine
180 675 305 758 proelio
328 676 474 740 obeunti.
523 677 661 742 Severo
677 678 718 741 ad
734 677 843 759 ipsum
865 697 985 741 vocare
1008 677 1092 741 desi·
1125 690 1142 740 6

50 798 64 839 s
90 788 196 856 neret,
214 800 358 863 namque
373 779 461 844 illius
477 780 578 844 exitio
595 801 631 845 se
648 801 726 845 esse
737 779 945 846 venturum.'’
992 781 1092 845 Alex·
1126 802 1141 855 7

90 885 195 948 ander
216 883 267 960 iis,
292 883 349 967 qui
372 882 501 948 litteras
519 884 715 961 attulerant,
740 885 922 967 respondit,
943 885 1090 950 Dareum

90 987 155 1053 sibi
177 986 284 1052 aliena
309 987 505 1070 promittere
528 997 571 1064 et,
589 989 676 1070 quod
698 998 807 1052 totum
830 988 988 1065 amiserit,
1004 989 1091 1053 velle

89 1092 214 1175 partiri
272 1091 353 1174 Doti
384 1091 447 1156 sibi
476 1092 547 1155 dari
575 1092 730 1178 Lydiam,
763 1093 872 1168 Ionas,
904 1092 1089 1169 Aeolidem,

92 1194 307 1278 Hellesponti
332 1215 433 1271 oram,
465 1195 622 1260 victoriae
652 1216 732 1259 suae
762 1196 916 1278 praemia
980 1197 1090 1280 Leges

43 1320 65 1362 ιο
90 1309 203 1363 autem
219 1320 239 1362 a
253 1299 435 1363 victoribus
458 1299 532 1375 dici,
550 1299 654 1382 accipi
669 1320 689 1362 a
703 1299 821 1364 victis:
843 1300 877 1363 in
901 1309 976 1364 utro
999 1309 1091 1364 statu

90 1403 188 1467 ambo
204 1412 329 1479 essent,
347 1402 375 1466 si
392 1403 482 1467 solus
498 1403 676 1486 ignoraret,
694 1424 792 1487 quam
812 1404 956 1485 primurn
980 1405 1091 1468 Marte

90 1508 293 1571 decerneret.
342 1506 387 1571 Se
412 1492 578 1590 [quoque]‚
605 1527 680 1570 cum
710 1507 867 1570 transiret
899 1527 998 1582 mare,
1023 1528 1090 1570 non
1125 1522 1141 1573 8

92 1609 243 1675 Ciliciam
269 1619 328 1674 aut
356 1610 681 1696 Lydiam—quippe
712 1610 799 1674 tanti
828 1610 906 1674 belli
937 1612 1089 1693 exiguam

91 1715 177 1779 hanc
200 1734 275 1778 esse
299 1715 607 1791 mercedem—sed
631 1714 843 1796 Persepolim,
869 1724 968 1797 caput
994 1715 1091 1798 regni

43 1843 65 1885 u
92 1817 172 1895 eius,
197 1819 318 1883 Bactra
340 1818 460 1882 deinde
482 1827 516 1881 et
541 1818 715 1881 Ecbatana
737 1817 910 1901 ultimique
941 1818 1090 1883 Orientis

91 1941 182 1986 oram
210 1921 350 2004 imperio
381 1921 577 1985 destinasse.
639 1921 860 2004 Quocumque
890 1921 944 1985 ille
973 1921 1091 2004 fugere

91 2025 265 2108 potuisset,
283 2025 391 2108 ipsum
408 2020 502 2108 sequi
517 2045 637 2107 posse:
660 2025 826 2089 desineret
842 2035 967 2089 terrere
988 2025 1092 2089 flumi-

91 2129 199 2205 nibus,
216 2149 315 2212 quem
332 2129 432 2192 sciret
448 2129 552 2192 maria
567 2129 736 2194 transisse.

43 2233 78 2294 22
136 2233 249 2315 Reges
279 2232 413 2315 quidem
450 2233 533 2296 haec
570 2232 713 2297 invicem
751 2232 959 2314 scripserant.
1023 2232 1091 2298 Sed
1125 2247 1141 2297 9

43 2357 67 2398 ro
93 2335 216 2400 Rhodii
235 2337 351 2400 urbem
378 2357 471 2400 suam
495 2346 677 2419 portusque
699 2336 865 2400 dedebant
889 2336 1090 2400 Alexandro.

92 2439 154 2503 Ille
171 2438 320 2504 Ciliciam
343 2439 473 2504 Socrati
496 2440 677 2504 tradiderat
702 2440 830 2504 Philota
855 2441 982 2522 regioni
1005 2441 1093 2505 circa

91 2543 217 2629 Tyrum
234 2543 324 2607 iusso
348 2536 544 2626 praesidere.
593 2543 733 2629 Syriam,
751 2563 835 2627 quae
859 2543 961 2608 Coele
983 2544 1092 2626 appel-

91 2646 187 2723 latur,
211 2646 450 2712 Andromacho
474 2648 647 2730 Parmenio
670 2646 851 2711 tradiderat
882 2647 978 2724 bello,
1003 2648 1091 2731 quod

92 2760 273 2834 supererat,
285 2746 515 2816 interfuturus.
553 2752 627 2815 Rex
640 2751 894 2833 Hephaestione
907 2752 1090 2815 Phoenices
1111 2783 1142 2818 ιο

43 2877 66 2919 a
92 2874 183 2918 oram
199 2855 305 2920 classe
321 2855 533 2939 praetervehi
549 2855 640 2919 iusso
662 2856 704 2919 ad
727 2855 842 2919 urbem
868 2854 991 2919 Gazam
1015 2875 1090 2918 cum

74 3027 82 3033 st
92 2958 247 3023 omnibus
262 2959 366 3041 copiis
381 2960 481 3024 venit.

136 3061 260 3128 Iisdem
276 3065 346 3128 fere
361 3063 479 3128 diebus
496 3063 655 3128 sollemne
672 3072 742 3126 erat
758 3061 921 3126 ludicrum
940 3062 1093 3126 Isthmio-
1112 3090 1139 3126 11

92 3188 175 3244 rum,
192 3170 280 3252 quod
304 3179 473 3234 conventu
496 3169 601 3231 totius
625 3167 785 3231 Graeciae
808 3167 1003 3231 celebratur.
1051 3167 1091 3230 In

92 3292 132 3336 eo
154 3273 294 3338 concilio
325 3274 454 3350 Graeci,
479 3282 515 3336 ut
540 3281 618 3336 sunt
648 3270 849 3354 temporaria
872 3269 1015 3354 ingenia,
1039 3270 1093 3334 de-

43 3397 67 3439 so
92 3387 243 3454 cernunt,
261 3388 297 3442 ut
321 3397 368 3442 xv
390 3378 583 3461 legarentur
605 3377 646 3440 ad
669 3396 792 3458 regem,
810 3375 866 3458 qui
888 3376 933 3440 ob
956 3395 1010 3439 res
1031 3394 1092 3456 pro

92 3481 200 3546 salute
222 3503 260 3547 ac
283 3482 437 3546 libertate
460 3480 619 3545 Graeciae
642 3489 756 3562 gestas
780 3500 936 3543 coronam
959 3497 1091 3541 auream

91 3584 215 3650 donum
238 3585 396 3650 victoriae
418 3585 556 3651 ferrent.
604 3585 702 3650 ldem
720 3583 823 3667 paulo
841 3591 927 3646 ante
943 3581 1099 3642 incertae
1113 3603 1150 3636 u

111 3786 132 3818 r.
147 3787 176 3818 ne
183 3775 308 3835 nominem,
317 3785 359 3827 nos
367 3787 392 3828 to
402 3784 522 3830 mentibu.
563 3799 602 3842 ep.
616 3778 768 3838 temporaria,
775 3766 959 3820 tim-mm*
966 3750 1124 3803 ‘k‘stww'
