2476 4036
107 153 149 217 62
475 151 511 230 Q.
540 150 636 217 Curti
656 152 739 236 Rufi

8 395 20 412 ,
108 336 221 420 tepida
242 345 365 414 manat,
385 337 494 400 medio
515 337 578 412 die,
600 337 695 401 cuius
716 337 1036 403 vehementissimus
1057 346 1110 404 est

108 441 206 517 calor,
222 441 345 524 frigida
360 441 476 522 eadem
493 440 576 515 fluit,
594 440 752 504 inclinato
768 441 801 504 in
816 461 993 524 vesperam
1010 441 1112 507 cales·

108 544 163 621 cit,
181 545 290 608 media
302 554 402 608 nocte
416 544 543 607 fervida
553 554 734 620 exaestuat,
748 565 879 628 quoque
890 566 956 609 nox
971 547 1112 630 propius

107 648 215 731 vergit
231 649 273 713 ad
288 648 407 723 lucem,
421 649 563 711 multum
580 668 621 712 ex
636 658 800 712 nocturno
812 649 921 713 calore
934 650 1111 727 decrescit,

107 753 215 816 donec
231 754 294 816 sub
305 752 414 833 ipsum
427 751 493 815 diei
505 761 614 814 ortum
627 752 767 815 adsueto
775 762 891 834 tepore
901 753 1109 836 languescat.
1145 769 1154 811 t

58 883 90 934 ²3
110 856 148 919 Id
163 857 253 938 quod
268 876 328 937 pro
346 857 409 919 deo
428 855 556 931 colitur,
574 875 641 918 non
659 857 799 919 eandem
824 856 970 939 effigiem
995 858 1110 935 habet,

108 981 206 1043 quam
222 960 322 1043 vulgo
338 960 401 1023 diis
416 960 562 1023 artifices
574 960 927 1024 accommodaverunt:
949 962 1111 1027 umbilico

108 1063 249 1127 maxime
279 1063 395 1127 similis
425 1074 477 1127 est
514 1064 657 1139 habitus
682 1065 857 1146 smaragdo
894 1074 927 1127 et
964 1065 1112 1148 gemmis

59 1195 91 1245 24
108 1176 370 1250 coagmentatus.
419 1167 531 1242 Hunc,
549 1188 623 1231 cum
647 1187 844 1248 responsum
867 1168 1003 1249 petitur,
1021 1170 1111 1233 navi⁴

107 1272 163 1355 gio
178 1281 293 1335 aurato
308 1281 443 1354 gestant
460 1272 650 1335 sacerdotes
666 1271 781 1335 multis
796 1272 967 1354 argenteis
982 1273 1109 1355 pateris
1135 1289 1154 1330 1<

107 1377 149 1439 ab
180 1384 321 1458 utroque
351 1375 474 1458 navigii
507 1375 610 1439 latere
640 1375 887 1456 pendentibus:
921 1386 1111 1459 sequuntur

108 1489 279 1543 matronae
301 1478 513 1562 virginesque
531 1478 638 1561 patrio
660 1500 752 1544 more
777 1479 983 1543 inconditum
1008 1482 1112 1564 quod·-

107 1586 184 1648 dam
200 1603 334 1647 carmen
353 1593 522 1659 canentes,
540 1603 605 1666 quo
629 1582 800 1665 propitiari
822 1584 936 1648 Iovem
955 1585 1108 1673 credunt,

59 1698 90 1767 ες
109 1697 145 1752 ut
170 1696 299 1751 certum
326 1688 409 1750 edat
429 1687 606 1750 oraculum.
653 1686 707 1751 Ac
732 1697 803 1751 tum
831 1687 964 1770 quidem
989 1708 1105 1772 regem
1123 1698 1154 1760 32

108 1791 244 1874 propius
254 1792 433 1855 adeuntem
449 1790 611 1854 maximus
627 1800 708 1854 natu
724 1811 742 1855 e
758 1791 986 1856 sacerdotibus
1002 1793 1108 1858 filium
1135 1815 1154 1855 n

108 1895 261 1979 appellat,
280 1896 343 1960 hoc
358 1892 489 1958 nomen*
502 1894 548 1958 illi
567 1906 738 1977 parentem
762 1897 876 1960 Iovem
897 1897 1037 1961 reddere
1055 1899 1110 1962 ad·

108 2001 253 2064 fimrans.
292 1986 427 2088 <illese
445 2020 524 2063 vero
548 2009 581 2064 et
601 2001 751 2082 accipere
771 2000 819 2064 ait
838 2011 872 2065 et
890 2002 1108 2084 adgnoscere,

59 2121 92 2170 26
108 2091 275 2168 humanae
289 2088 394 2168 so'r'tis
411 2100 542 2168 oblitus.
591 2103 767 2168 Consuluit
790 2104 925 2180 deinde,
936 2125 980 2169 an
1002 2106 1109 2171 totius

108 2209 198 2273 orbis
214 2202 388 2290 imperium
412 2207 491 2272 fatis
508 2207 572 2271 sibi
595 2209 825 2289 destinaretur.
866 2208 1055 2292 Vatesque,
1072 2211 1108 2275 in

108 2310 332 2377 adulationem
356 2312 560 2393 conpositus,
583 2309 746 2375 terrarum
770 2311 919 2377 omnium
943 2322 1107 2378 rectorem
1135 2335 1154 2376 a

59 2444 91 2497 27
108 2417 180 2480 fore
196 2411 352 2480 ostendit.
401 2416 480 2479 Post
497 2416 578 2480 haec
598 2415 721 2479 institit
741 2436 909 2499 quaerere,
927 2437 969 2479 an
989 2437 1108 2482 omnes

59 2539 92 2590 28
108 2521 260 2603 parentis
272 2520 323 2584 sui
335 2520 568 2583 interfectores
579 2540 704 2601 poenas
714 2519 893 2583 dedissent.
939 2520 1108 2586 ‘Sacerdos

108 2632 281 2707 parentem
298 2624 369 2686 eius
385 2621 486 2705 negat
508 2623 607 2687 ullius
629 2623 754 2686 scelere
775 2643 874 2704 posse
894 2623 1017 2699 violari,
1036 2624 1110 2688 Phi-

108 2729 189 2811 lippi
207 2738 319 2792 autem
335 2747 451 2790 omnes
472 2727 573 2790 luisse
595 2726 775 2808 supplicia:
797 2726 928 2801 adiecit,
941 2727 1108 2792 invictum

107 2833 189 2908 fore,
206 2833 312 2896 donec
328 2831 502 2895 excederet
518 2831 559 2893 ad
575 2831 665 2893 deos.
695 2829 865 2895 Sacrificio
880 2830 1001 2894 deinde
1016 2829 1108 2896 facto
1134 2854 1154 2895 a

108 2937 195 2999 dona
211 2946 245 2999 et
261 2934 489 2999 sacerdotibus
506 2932 625 2997 et‘·'deo
646 2935 723 2997 data
742 2943 820 2997 sunt
841 2934 1109 3018 permissumque

108 3038 233 3115 amicis,
250 3048 287 3103 ut
303 3038 367 3120 ipsi
383 3039 514 3121 quoque
523 3021 744 3101 consulerent
762 3036 885 3101 Iovem.
933 3037 1025 3100 Nihil
1042 3059 1110 3102 am-

109 3142 195 3224 plius
219 3142 432 3226 quaesierunt
450 3142 571 3224 ³q'uam,
584 3161 626 3203 an
647 3150 764 3204 auctor
788 3150 877 3204 esset
899 3140 962 3204 sibi
986 3140 1109 3207 divinis

60 3273 92 3324 29
109 3247 290 3310 honoribus
300 3238 537 3310 colendis‘uum
551 3265 674 3326 regem.
701 3244 777 3309 Hoc
790 3264 921 3328 quoque
932 3255 1109 3327 acceptum

108 3350 180 3414 tore
196 3349 268 3413 Iovi
283 3359 377 3413 vates
393 3350 604 3431 respondent.
652 3347 742 3411 Vera
757 3357 791 3412 et
814 3347 936 3411 salubri
956 3349 1111 3413 aestima·
1135 3375 1154 3415 a

108 3453 201 3518 tione
208 3454 366 3537 pensanti
379 3453 478 3516 fidem
498 3451 621 3515 oraculi
639 3471 724 3515 vana
739 3451 890 3533 profecto
906 3471 1067 3533 responsa
1078 3453 1110 3517 ei

107 3557 209 3621 videri
219 3557 436 3640 potuissent:
459 3558 518 3620 sed
538 3556 684 3632 fortuna,
700 3575 783 3638 quos
806 3555 865 3618 uni
887 3555 952 3618 sibi
973 3556 1110 3622 credere

52 3750 80 3788 γ’
98 3741 215 3798 'abab'
225 3751 308 3794 '‘W“
314 3751 381 3805 (nere
389 3767 405 3796 a
415 3753 520 3798 founded
528 3749 662 3808 pyramidal
671 3748 742 3800 sirene
752 3757 825 3788 seems
834 3741 894 3783 tube
901 3737 999 3785 meeum.
1021 3792 1028 3803 .
1044 3737 1082 3802 ⁸ts.
1096 3733 1154 3772 baur

63 3808 160 3849 '‘m‘'
186 3815 461 3869 Waemvald.
500 3833 534 3873 ²⁴·
551 3815 636 3867 luisse,
647 3812 700 3856 had
705 3809 780 3866 paid.
806 3807 843 3848 αὖ.
857 3792 1154 3844 auemxemtunaueet

63 3856 125 3911 'nu
146 3856 1013 3942 ,μρωώψᾲμηῃῃςηωῃὶψὰοιωώιῐῆὶν
1075 3897 1078 3900 .
1143 3889 1147 3894 -
