2476 4036
105 284 147 348 34
278 267 315 346 Q.
342 266 438 334 Curti
457 269 541 352 Rufi
562 268 651 332 Hist.
676 267 769 332 Alex.
794 268 860 344 III,
889 284 935 349 13.

104 452 182 514 olim
211 451 345 534 quidem
377 472 418 516 ex
447 452 584 535 fastigio
611 462 750 536 paterno
781 473 890 515 rerum
922 453 1111 518 mutatione

103 557 282 631 detractae,
313 557 470 620 sedtum
502 566 624 620 sortem
656 577 768 620 earum
800 556 965 620 crudelius
995 559 1111 639 adgra-

56 678 86 730 13
103 669 204 724 vante
220 660 361 724 fortuna.
403 661 443 723 In
461 662 578 724 eodem
594 681 696 743 grege
713 681 795 724 uxor
810 681 942 744 quoque
957 661 1109 725 eiusdem

104 764 192 829 Ochi
207 763 271 827 fuit
291 763 681 847 Oxathrisque—irater
704 764 757 828 hic
782 773 851 827 erat
876 764 1110 830 Darei—filia

103 879 137 933 et
154 869 274 934 coniux
291 868 461 946 Artabazi,
479 869 638 952 principis
660 879 924 952 purpuratorum,
942 869 1108 953 filiusque,
1146 888 1158 926 t

55 990 87 1042 ¹4
103 973 156 1037 cui
174 975 299 1037 Ilioneo
317 974 380 1037 fuit
397 995 528 1039 nomen.
575 975 776 1039 Pharnabazi
793 995 933 1058 quoque,
951 975 1004 1038 cui
1021 995 1109 1039 sum·
1194 1023 1197 1061 ,

104 1099 194 1142 mum
211 1078 386 1160 imperium
404 1078 591 1142 maritimae
606 1099 683 1143 orae
700 1099 757 1141 rex
772 1079 918 1153 dederat,
933 1099 1015 1142 uxor
1030 1100 1107 1142 cum

103 1182 171 1245 filio
195 1193 334 1264 excepta
355 1194 417 1258 est,
445 1183 610 1247 Mentoris
635 1183 721 1246 filiae
746 1192 816 1247 tres
843 1204 881 1247 ac
908 1182 1107 1246 nobilissimi

103 1286 197 1351 ducis
214 1287 405 1351 Memnonis
427 1287 547 1352 coniux
570 1297 604 1351 et
627 1287 734 1352 filius:
756 1287 876 1369 vixque
900 1287 965 1351 ulla
988 1289 1107 1351 domus
1196 1276 1199 1359 l

56 1412 86 1468 ις
104 1390 275 1472 purpurati
298 1391 362 1455 fuit
385 1401 500 1456 tantae
523 1391 626 1456 cladis
649 1404 766 1475 expers.
814 1393 897 1454 Item
920 1391 1008 1474 capti
1029 1403 1108 1454 sunt
1133 1409 1157 1448 ro

106 1494 361 1559 Lacedaemonii
385 1505 418 1559 et
442 1495 672 1560 Athenienses
696 1495 867 1559 societatis
889 1495 955 1557 fide
983 1495 1108 1558 violata

106 1598 223 1662 Persas
248 1599 363 1675 secuti,
382 1600 595 1683 Aristogiton
611 1609 645 1663 et
663 1599 829 1682 Dropides
852 1608 886 1662 et
911 1599 1105 1680 Iphicrates,

104 1701 192 1765 inter
214 1702 445 1767 Athenienses
469 1723 593 1787 genere
614 1703 769 1787 famaque
792 1702 891 1785 longe
921 1703 1106 1778 clarissimi,

106 1806 360 1871 Lacedaemonii
385 1807 569 1890 Pausippus
586 1816 619 1871 et
636 1807 912 1872 Onomastorides
937 1827 1011 1870 cum
1037 1807 1108 1870 Mo

57 1914 89 1964 16
106 1910 195 1973 nimo
211 1919 244 1974 et
262 1911 483 1987 Callicratide,
497 1912 531 1974 hi
544 1930 674 1995 quoque
686 1911 777 1974 domi
789 1910 925 1975 nobiles
967 1909 1107 1975 Summa
1132 1929 1157 1969 u

105 2014 265 2097 pecuniae
281 2015 433 2097 signatae
450 2012 514 2078 fuit
537 2016 701 2079 talentum
722 2034 747 2077 11
770 2014 861 2076 milia
884 2023 917 2077 et
941 2023 1105 2090 sescenta,

105 2118 185 2181 facti
202 2119 332 2200 argenti
352 2120 483 2200 pondus
506 2119 690 2202 quingenta
712 2118 884 2200 aequabat.
933 2118 1107 2181 Praeterea

106 2241 178 2284 xxx
206 2222 295 2286 milia
325 2222 497 2286 hominum
529 2243 605 2286 cum
636 2241 687 2285 vr1
718 2221 851 2286 milibus
882 2221 1106 2284 iumentorum

59 2338 88 2391 ι7
106 2327 204 2389 dorso
220 2346 322 2389 onera
337 2326 540 2408 portantium
557 2335 654 2408 capta
675 2336 762 2389 sunt.
811 2325 968 2388 Ceterum
992 2333 1107 2388 tantae

105 2429 260 2492 fortunae
290 2429 491 2511 proditorem
515 2430 559 2505 di,
583 2429 651 2492 seri
672 2448 771 2512 saepe
795 2429 928 2502 ultores,
954 2428 1107 2491 celeriter
1132 2447 1158 2490 ro

106 2533 218 2596 debita
233 2553 340 2615 poena
356 2533 523 2615 persecuti
540 2542 626 2596 sunt.
668 2534 822 2616 Namque
834 2552 920 2595 unus
933 2552 951 2594 e
963 2532 1106 2596 consciis

106 2636 186 2711 eius,
204 2638 312 2711 cred0,
331 2637 419 2719 regis
435 2637 542 2701 vicem
559 2637 659 2699 etiam
684 2637 717 2699 in
741 2635 796 2700 illa
819 2646 909 2699 sorte
932 2636 1104 2712 reveritus,
1187 2702 1189 2706 ,

107 2740 277 2804 interfecti
304 2740 480 2822 proditoris
512 2749 611 2822 caput
634 2741 676 2803 ad
699 2740 846 2803 Dareum
877 2732 966 2814 tulit,
990 2760 1106 2821 oppor-

106 2854 224 2908 tunum
250 2844 408 2908 solacium
433 2844 583 2926 prodito:
607 2844 729 2926 quippe
756 2852 790 2906 et
817 2843 908 2907 ultus
934 2843 1105 2906 inimicum

107 2957 177 3010 erat
201 2957 235 3010 et
259 2949 405 3010 nondum
430 2947 464 3010 in
487 2947 634 3009 omnium
650 2946 770 3010 animis
793 2947 986 3020 memoriam
1009 2947 1106 3011 maie·
1132 2971 1158 3011 u

107 3050 205 3115 statis
221 3070 300 3114 suae
317 3049 498 3114 exolevisse
514 3051 679 3116 cernebat.
