2476 4036
303 146 533 242 Hz'storr'arum
556 146 742 211 Alexandri
762 146 787 210 J
792 147 825 223 V,
848 164 879 227 4.
1051 161 1089 231 51

88 339 203 394 turres-
226 329 374 394 hostium
405 331 556 395 desertas
581 339 777 394 evaserant:
808 351 884 394 cum
909 329 1013 416 Tyrii,
1039 339 1093 404 tot,
1122 382 1127 389 „

89 435 188 509 simul
212 435 308 498 malis
323 434 412 511 victi,
429 434 483 499 alii
500 435 667 516 supplices
683 434 717 496 in
734 435 858 517 templa
881 434 1094 517 confugiunt,
1127 470 1132 496 5

88 538 145 602 alii
161 538 289 602 foribus
305 539 437 602 aedium
453 539 616 617 obseratis
633 547 798 620 occupant
814 537 956 602 liberum
974 539 1091 602 mortis
1139 598 1142 622 ἶ

88 641 270 717 arbitrium,
284 642 435 704 nonnulli
450 651 550 706 ruunt
564 642 597 704 in
610 643 741 705 hostem
759 642 846 704 haud
863 642 961 725 inulti
977 652 1091 729 tamen

48 766 62 806 a
89 745 237 828 perituri,
256 765 377 827 magna
391 766 468 827 pars
484 766 613 808 summa
628 755 794 809 tectorum
811 747 994 822 obtinebat,
1013 767 1093 821 saxa

89 859 134 925 et,
154 849 319 932 quidquid
337 849 406 912 fors
431 849 464 911 in
488 869 606 913 manus
629 850 775 925 dederat,
800 849 993 933 ingerentes
1017 851 1092 937 sub-

88 953 259 1029 euntibus.
304 952 499 1029 Alexander
519 952 676 1034 exceptis,
694 954 750 1036 qui
774 953 808 1016 in
831 954 957 1036 templa
980 954 1092 1038 confuf
1112 974 1143 1033 ¹³

88 1065 218 1140 gerant,
244 1077 361 1119 omnes
386 1056 528 1120 interfici
553 1056 733 1141 ignemque
757 1057 859 1121 tectis
883 1057 961 1121 inici
987 1057 1088 1120 iubet.
1119 1106 1142 1144 ,2

91 1160 158 1224 His
173 1180 233 1242 per
247 1179 429 1241 praecones
446 1161 669 1242 pronuntiatis
686 1182 783 1224 nemo
807 1170 921 1224 tamen
943 1171 1145 1230 armatusro'·

43 1287 65 1327 u
90 1263 188 1347 ope'm
200 1285 220 1326 a
231 1264 283 1326 dis
298 1273 413 1346 petere
426 1264 606 1328 sustinuit:
629 1265 722 1347 pueri
738 1264 1108 1350 virginesquetempla
1127 1312 1129 1316 ,

90 1366 336 1449 conpleverant,
352 1366 414 1430 viri
427 1368 460 1430 in
473 1369 638 1432 vestibulo
655 1389 789 1431 suarum
805 1369 944 1451 quisque
959 1369 1091 1432 aedium

91 1472 236 1546 stabant,
268 1480 382 1553 parata
413 1472 638 1536 saevientibus
669 1472 777 1535 turba.
829 1471 946 1535 Multis
977 1481 1090 1535 tamen
1112 1488 1164 1540 15‘

92 1575 191 1639 saluti
209 1575 304 1638 luere
328 1575 466 1650 Sidonii,
491 1575 547 1658 qui
570 1576 658 1639 intra
682 1576 903 1640 Macedonum
928 1575 1093 1657 praesidia
1136 1635 1138 1639 ,

92 1689 195 1743 erant.
244 1679 290 1740 Hi
308 1679 423 1742 urbem
440 1679 573 1762 quidem
598 1679 685 1742 inter
707 1679 852 1743 victores
876 1679 1090 1756 intraverant,

43 1807 65 1847 u
92 1783 151 1847 sed
163 1783 371 1864 cognationis
388 1803 461 1846 cum
480 1783 591 1867 Tyriis
608 1803 771 1846 memores
782 1782 956 1865 —quippe
973 1792 1093 1870 utram-

91 1906 155 1970 que
171 1887 287 1950 urbem
304 1885 499 1968 Agenorem
517 1887 704 1950 condidisse
725 1887 1092 1967 credebant-multos

91 1990 277 2075 Tyriorum,
291 1990 375 2053 clam
390 1998 615 2072 protegentes,
630 1991 671 2053 ad
685 2010 744 2053 sua
756 1991 938 2071 perduxere
951 1990 1091 2078 navigia,

90 2094 212 2177 quibus
231 2093 387 2157 occultati
412 2094 538 2157 Sidona
556 2093 685 2158 devecti
707 2103 793 2158 sunt.
851 2112 898 2157 xv
917 2093 1093 2182 miliahoc

90 2197 181 2277 furto
194 2199 357 2262 subducta
369 2197 526 2261 saevitiae
539 2206 625 2261 sunt.
667 2197 904 2280 Quantumque
921 2197 1092 2288 sanguinis
1114 2209 1145 2258 16

43 2327 66 2368 ro
88 2301 202 2386 lusum
227 2300 279 2376 sit,
305 2302 355 2365 vel
383 2322 423 2364 ex
452 2302 515 2365 hoc
544 2301 713 2370 aestimari
743 2310 863 2387 potest,
888 2301 976 2384 quod
1006 2301 1123 2380 intrax

91 2405 298 2470 munimenta
321 2406 412 2468 urbis
429 2424 464 2467 vt
483 2404 572 2468 milia
594 2414 795 2468 armatorum
819 2404 984 2468 trucidata
1003 2415 1090 2476 sunt.
1121 2395 1125 2489 Ἰ

87 2509 203 2574 ,Triste
213 2509 332 2572 deinde
343 2509 569 2591 spectaculum
581 2509 763 2572 victoribus
775 2507 822 2571 ira
831 2509 984 2598 praebuit
994 2509 1090 2596 regis.
1114 2540 1143 2592 17

91 2633 117 2678 11
134 2613 232 2694 milia,
247 2613 280 2675 in
294 2613 412 2695 quibus
425 2613 616 2677 occidendis
629 2612 798 2675 defecerat
811 2612 929 2687 rabies,
941 2596 1092 2703 crucibus

85 2718 189 2798 ‚adfixi
211 2738 271 2799 per
293 2717 412 2800 ingens
436 2717 542 2780 litoris
566 2716 710 2798 spatium
729 2716 969 2797 pependerunt.
1018 2715 1144 2805 Car-18

43 2851 65 2891 u
91 2820 350 2904 thaginiensium
378 2821 497 2903 legatis
525 2819 673 2902 pepercit
701 2818 814 2882 addita
840 2818 1094 2883 denuntiatione
1119 2809 1123 2816 Δ

91 2925 179 3001 belli,
196 2926 283 3009 quod
299 2922 524 3007 praesentium
541 2945 650 2987 rerum
668 2923 851 2987 necessitas
868 2932 1058 2987 moraretur.
1087 3001 1090 3007 ⁷
1149 3001 1151 3006 Ι

43 3034 93 3110 ao
135 3029 243 3113 Tyros
260 3029 402 3111 septimo
419 3048 542 3104 mense,
560 3049 659 3111 quam
677 3027 861 3110 oppugnari
878 3037 996 3108 coepta
1012 3036 1091 3102 erat,
1111 3054 1144 3112 49

92 3142 189 3216 capta
201 3141 263 3208 est,
277 3134 356 3196 urbs
373 3142 406 3194 et
423 3141 592 3219 vetustate
604 3132 740 3214 originis
758 3142 791 3194 et
810 3131 925 3195 crebra
940 3131 1099 3194 fortunae

91 3237 252 3301 varietate
268 3237 308 3300 ad
325 3235 517 3298 memoriam
530 3235 735 3317 posteritatis
752 3235 902 3317 insignis.
952 3235 1095 3298 Condita

43 3365 67 3407 m
92 3343 134 3406 ab
150 3340 309 3423 Agenore
332 3339 388 3403 diu
412 3360 511 3414 mare,
528 3359 596 3402 non
618 3339 763 3402 vicinum
788 3340 895 3414 mod0,
914 3340 972 3403 sed
996 3323 1096 3430 quod}
1181 3404 1183 3427 ξ

86 3464 235 3529 cumque
247 3443 371 3508 classes
388 3443 458 3506 eius
475 3443 636 3517 adierunt,
655 3442 793 3506 dicionis
811 3463 890 3506 suae
906 3442 995 3507 fecit.
1037 3442 1093 3518 Et,
1115 3497 1121 3506 .

93 3549 122 3614 si
137 3550 252 3613 famae
276 3547 356 3612 libet
383 3547 526 3622 credere,
543 3548 625 3609 haec
648 3566 732 3628 gens
755 3545 884 3610 litteras
908 3547 1015 3629 prima
1037 3555 1094 3610 aut

115 3751 135 3790 3·
152 3737 264 3793 obseratis,
274 3740 358 3786 bolted.
389 3725 426 3787 ιο.7
439 3743 556 3800 sustinuit,
567 3721 1105 3798 tookupontim2215,uadth2ktvrb*fv‘²2-
