2476 4036
112 173 153 254 56
480 171 517 251 Q.
545 170 641 238 Curti
661 173 745 257 Rufi

78 364 93 420 5
155 353 314 420 Ceterum
341 353 543 432 Alexander,
569 375 668 438 quam
699 353 869 439 regionem
899 355 1033 422 Dareus
1059 375 1115 441 pe-

110 459 218 533 tisset,
251 458 341 522 omni
376 479 455 522 cura
483 459 665 541 vestigans,
696 467 810 522 tamen
842 458 1013 541 explorare
1044 480 1115 525 non

110 571 241 646 poterat
268 582 360 626 more
382 562 524 646 quodam
549 563 722 625 Persarum
745 582 866 627 arcana
888 581 1004 646 regum
1028 565 1116 628 mira

78 666 290 732 ocelantium
314 667 387 731 fide.
436 666 514 730 Nou
537 677 655 742 metus,
678 686 745 730 non
769 686 847 748 spes
870 665 960 731 elicit
982 688 1113 746 vocem,

111 792 175 854 qua
190 771 373 854 prodantur
388 771 525 834 occulta
568 771 677 834 Vetus
695 771 868 854 disciplina
883 791 999 855 regum
1016 772 1115 838 sileu-
1153 791 1165 831 o

111 875 195 938 tium
210 875 299 939 vitae
315 875 462 958 periculo
485 884 658 953 sanxerat;
680 874 794 959 lingua
815 876 949 958 gravius
972 875 1116 960 castiga·

111 988 175 1055 tur,
201 998 300 1062 quam
327 978 431 1042 ullum
456 981 623 1061 probrum,
640 999 703 1044 nec
730 1000 885 1062 magnam
910 999 980 1044 rem
1003 980 1113 1064 magis

111 1082 270 1146 sustineri
293 1102 392 1164 posse
419 1083 560 1146 credunt
582 1084 625 1147 ab
648 1103 697 1158 eo,
722 1083 775 1147 cui
798 1093 910 1148 tacere
932 1103 1034 1167 grave
1057 1084 1112 1160 sit,

80 1186 200 1269 7quod
230 1186 356 1249 homini
383 1185 576 1250 facillimum
602 1186 744 1251 voluerit
771 1206 846 1251 esse
869 1195 996 1252 natura
1056 1186 1113 1252 Ob
1127 1189 1164 1251 20

112 1290 198 1354 hanc
214 1310 348 1354 causam
372 1289 563 1354 Alexander
585 1291 743 1366 omnium,
761 1312 846 1374 quae
868 1291 956 1373 apud
978 1292 1112 1356 hostem
1140 1308 1165 1350 1o

112 1404 317 1478 gererentur,
331 1393 466 1477 ignarus
476 1395 592 1458 urbem
609 1394 732 1458 Gazam
748 1395 929 1459 obsidebat.
956 1395 1113 1460 Praeerat

113 1498 186 1562 urbi
209 1498 312 1576 Betis,
332 1498 472 1561 eximiae
496 1497 531 1561 iu
554 1518 667 1580 regem
691 1519 788 1562 suum
811 1498 899 1575 fidei,
915 1499 1113 1582 modicoque

79 1616 96 1668 8
112 1602 277 1684 praesidio
294 1623 405 1665 muros
421 1602 569 1684 ingentis
582 1601 692 1684 operis
708 1603 873 1667 tuebatur.
920 1602 1115 1667 Alexander

112 1706 288 1770 aestimato
310 1705 458 1769 locorum
482 1706 550 1770 situ
572 1705 627 1788 agi
650 1706 822 1771 cuniculos
845 1706 951 1782 iussit,
967 1706 1058 1771 facili
1074 1727 1114 1772 ac

112 1808 176 1874 levi
192 1810 294 1873 humo
309 1819 506 1892 acceptante
522 1810 690 1874 occultum
706 1831 810 1891 opus:
833 1810 955 1892 quippe
971 1810 1110 1875 multam
1139 1827 1166 1871 u

112 1914 269 1977 harenam
293 1913 440 1977 vicinum
467 1933 559 1977 mare
587 1913 720 1989 evomit,
747 1934 809 1977 nec
836 1933 915 1977 saxa
940 1922 1112 1997 cotesque,

79 2039 96 2091 9
112 2037 197 2101 quae
207 2017 420 2099 interpellent
437 2037 566 2099 specus,
580 2018 724 2082 obstant.
773 2015 881 2100 Igitur
891 2018 933 2081 ab
949 2036 989 2081 ca
1004 2027 1110 2100 parte,

112 2143 211 2205 quam
232 2121 389 2204 oppidani
412 2121 605 2202 conspicere
632 2140 700 2184 non
727 2130 876 2202 possent,
893 2141 976 2204 opus
1003 2141 1112 2198 orsus,

113 2236 149 2290 ut
165 2246 185 2289 a
200 2245 301 2289 sensu
317 2224 389 2289 eius
401 2234 576 2301 averteret,
590 2233 699 2288 turres
710 2225 812 2288 muris
823 2224 992 2289 admoveri
1007 2224 1113 2290 iubet.

113 2329 182 2395 Sed
205 2329 320 2393 eadem
345 2329 475 2404 humus,
500 2329 673 2392 movendis
696 2328 822 2393 inutilis
845 2329 1002 2403 turribus,
1027 2329 1113 2393 desi·
1138 2349 1167 2392 ao

111 2434 213 2497 dente
229 2432 345 2496 sabulo
361 2432 547 2514 agilitatem
566 2442 712 2497 rotarum
737 2441 865 2496 morata
882 2432 944 2516 [et]
961 2432 1114 2498 tabulata

112 2536 252 2601 turrium
268 2535 504 2619 perfringebat,
523 2536 685 2618 multique
700 2536 961 2601 vulnerabantur
975 2536 1112 2619 inpune,

112 2640 291 2705 cumidem
308 2639 507 2722 recipiendis
531 2639 587 2722 qui
609 2638 825 2704 admovendis
847 2640 995 2704 turribus
1017 2640 1114 2706 labor

65 2772 96 2810 ro
112 2764 169 2808 eos
184 2743 349 2827 fatigaret.
398 2744 489 2826 Ergo
508 2744 657 2826 receptui
681 2743 777 2826 signo
799 2745 877 2808 dato
899 2753 1034 2826 postero
1057 2744 1112 2811 die

112 2867 224 2912 muros
241 2868 363 2912 corona
378 2849 572 2913 circumdari
589 2848 694 2912 iussit.
743 2847 895 2931 Ortoque
911 2846 991 2924 sole,
1007 2847 1113 2930 prius·
1138 2871 1165 2911 aa

112 2973 210 3035 quam
239 2955 430 3019 admoveret
458 2953 649 3028 exercitum,
676 2972 773 3035 opem
800 2952 900 3016 deum
927 2971 1112 3034 exposcens

65 3083 93 3123 ιι
113 3078 242 3121 sacrum
270 3059 377 3141 patrio
404 3079 495 3123 more
522 3055 675 3122 iaciebat.
734 3058 837 3120 Forte
863 3055 1112 3138 praetervolans

113 3182 231 3226 corvus
248 3163 389 3246 glebam,
402 3184 499 3246 quam
516 3163 684 3246 unguibus
699 3162 838 3238 ferebat,
852 3162 963 3226 subito
978 3159 1112 3226 amisit:

112 3287 197 3351 quac
213 3289 289 3332 cum
306 3269 395 3352 regis
412 3268 512 3351 capiti
528 3267 711 3344 incidisset,
722 3267 867 3331 resoluta
879 3265 1026 3342 defluxit,
1037 3263 1113 3347 ipsa

112 3383 225 3438 autem
253 3374 324 3439 avis
352 3374 387 3437 in
413 3375 561 3458 proxima
586 3384 678 3438 turre
705 3372 864 3438 consedit.
914 3372 1015 3436 Inlita
1039 3376 1111 3432 erat
1137 3391 1166 3432 so

112 3480 213 3545 turris
237 3480 400 3545 bitumine
420 3501 459 3544 ac
482 3479 650 3562 sulphure,
668 3479 701 3542 in
723 3500 789 3563 qua
810 3478 872 3543 alis
895 3475 1112 3543 haerentibus

101 3583 232 3648 frustra
246 3604 288 3648 se
299 3583 456 3651 adlevare
472 3591 614 3650 conatus
631 3604 651 3648 a
667 3582 964 3650 circumstantibus
974 3581 1113 3660 eapitur.

35 3763 409 3828 mmraslcy‘wthkedms,
442 3798 475 3837 14.
492 3782 626 3832 cuniculos,
635 3779 745 3824 lunnels.
776 3775 810 3816 ro.
824 3779 898 3818 cotes,
901 3767 1078 3821 flint³.⁸‡⁰ffl·
1102 3756 1210 3798 ΜΨ

163 3831 803 3905 mflbfflalytheerbshmayosthegravet.
829 3835 868 3879 εὖ.
883 3818 1053 3882 tlsslffi‘ffl·
