2476 4036
313 156 542 220 Historiarum
566 156 752 222 Alexandri
771 159 833 237 IV,
862 177 908 240 13.
1069 164 1107 226 81

110 358 227 422 preces
250 339 321 422 regi
346 340 459 403 Iovem
484 322 736 424 Minervamque
751 354 784 406 et
796 343 981 407 Victoriam
1005 347 1111 429 propi·

110 443 217 506 tianti.
243 443 340 506 Tunc
352 443 485 525 quidem
497 445 656 509 sacrificio
669 447 732 510 rite
744 457 936 530 perpetrato
948 449 1109 533 reliquum
1131 465 1161 515 16

110 547 221 610 noctis
243 548 459 631 adquieturus
478 548 510 610 in
528 550 779 614 tabernaculum
803 552 907 616 rediit.
958 554 1024 618 Sed
1048 576 1110 620 nec

112 671 265 714 somnum
278 671 395 733 capere
408 672 470 715 nec
482 653 627 734 quietem
644 654 713 735 pati
725 664 854 736 poterat
869 678 875 720 :
892 660 990 722 modo
1002 680 1020 723 e
1031 660 1109 743 iugo

70 778 84 818 a
111 755 235 819 montis
259 756 364 819 aciem
380 755 415 818 in
430 756 584 819 dextrum
608 757 780 822 Persarum
806 781 908 825 cornu
932 764 1109 828 demittere

111 860 270 943 agitabat,
283 860 382 922 modo
399 869 490 923 recta
498 859 609 924 fronte
620 881 817 927 concurrere
830 866 927 941 hosti,
941 868 1109 932 interdum

112 964 286 1038 haesitare,
312 984 354 1026 an
380 962 492 1046 potius
520 964 554 1026 in
582 965 712 1028 laevum
740 969 951 1054 detorqueret
978 992 1106 1055 agmen.

111 1070 262 1133 Tandem
278 1077 451 1150 gravatum
467 1068 570 1131 animi
593 1070 761 1136 anxietate
779 1093 898 1156 corpus
914 1075 1012 1139 altior
1026 1095 1110 1139 som·
1129 1102 1159 1155 ¹7

112 1195 176 1238 nus
195 1173 369 1255 oppressit.

59 1279 98 1340 49
157 1278 293 1360 Iamque
309 1278 384 1341 luce
399 1288 472 1341 orta
494 1279 596 1343 duces
612 1282 653 1343 ad
669 1280 862 1364 accipienda
884 1281 1021 1365 imperia
1036 1304 1112 1347 con·

60 1394 87 1435 11
112 1392 274 1446 venerant
305 1382 439 1446 insolito
462 1383 550 1447 circa
572 1385 774 1466 praetorium
798 1386 931 1450 silentio
955 1388 1110 1452 attoniti:

112 1487 235 1570 quippe
265 1486 346 1549 alias
377 1506 548 1551 accersere
578 1488 669 1571 ipsos
692 1499 726 1552 et
750 1490 915 1553 interdum
941 1501 1110 1555 morantes
1131 1505 1160 1555 18

113 1591 277 1673 castigare
301 1592 507 1667 adsueverat,
526 1603 607 1656 tunc
628 1614 671 1657 ne
696 1592 813 1657 ultimo
840 1594 972 1677 quidem
1001 1617 1110 1659 rerum

112 1695 304 1759 discrimine
327 1697 508 1760 excitatum
532 1717 607 1761 esse
631 1697 838 1761 mirabantur
853 1709 887 1761 et
904 1720 971 1762 non
994 1721 1111 1763 somno

61 1813 88 1854 1⁵
113 1800 292 1884 quiescere,
310 1801 368 1864 sed
384 1820 505 1883 pavore
521 1821 667 1865 marcere
682 1802 870 1866 credebant.
904 1804 982 1867 Non
998 1814 1111 1868 tamen
1131 1831 1161 1882 ¹9

113 1905 287 1988 quisquam
304 1925 345 1968 ex
360 1905 555 1969 custodibus
567 1905 713 1988 corporis
723 1906 848 1969 intrare
859 1908 1111 1972 tabernaculum

113 2011 278 2073 audebat:
301 2019 334 2073 et
360 2009 425 2072 iam
449 2019 582 2092 tempus
605 2010 752 2074 instabat
777 2031 839 2075 nec
863 2011 959 2075 miles
983 2013 1112 2076 iniussu

114 2113 207 2178 ducis
223 2123 281 2176 aut
297 2133 388 2176 arma
404 2133 522 2196 capere
539 2123 670 2196 poterat
686 2123 743 2177 aut
760 2114 794 2176 in
811 2114 944 2179 ordines
961 2115 1016 2180 ire.
1043 2117 1112 2180 Diu
1131 2144 1163 2181 20

116 2217 288 2281 Parmenio
312 2226 498 2292 cunctatus,
516 2218 628 2281 cibum
645 2227 680 2281 ut
697 2227 864 2300 caperent,
882 2218 953 2301 ipse
971 2241 1113 2302 pronun-

62 2337 89 2376 ω
115 2321 185 2385 tiat
234 2323 371 2404 Iamque
388 2321 477 2384 exire
493 2341 631 2385 necesse
648 2329 738 2386 erat:
761 2331 842 2386 tunc
859 2322 993 2386 demum
1010 2324 1113 2388 intrat

114 2424 365 2490 tabernaculum
396 2425 594 2507 saepiusque
620 2424 755 2489 nomine
778 2427 1012 2508 conpellatum,
1036 2449 1112 2491 cum

114 2549 196 2593 voce
211 2549 278 2592 non
295 2538 418 2611 posset,
430 2537 523 2593 tactu
539 2528 702 2593 excitavit.
738 2530 874 2593 “Multa
890 2531 976 2607 iux,”
994 2532 1110 2614 inquit,
1132 2560 1160 2597 21

116 2641 135 2668 “
145 2644 216 2697 est:
239 2632 436 2696 instructam
461 2633 566 2696 aciem
593 2632 698 2696 hostis
722 2633 892 2698 admovit:
915 2644 993 2698 tuus
1018 2636 1112 2699 miles

113 2738 221 2801 adhuc
237 2736 372 2800 inermis
389 2745 543 2819 expectat
561 2736 744 2818 imperium.
794 2736 862 2801 Ubi
880 2747 932 2801 est
949 2739 1042 2820 vigor
1057 2739 1113 2802 ille

62 2859 88 2899 aa
113 2840 215 2904 animi
237 2840 310 2904 tui?
334 2860 454 2923 nempe
477 2839 619 2904 excitare
642 2839 760 2923 vigiles
784 2840 903 2904 soles.”
950 2841 1007 2905 Ad
1030 2844 1113 2906 haec
1132 2870 1163 2907 22

114 2944 329 3008 Alexander:
368 2944 560 3008 “Credisne
592 2963 645 3006 me
682 2944 773 3027 prius
809 2965 962 3009 somnum
994 2967 1113 3029 capere

115 3049 273 3131 potuisse,
287 3069 386 3131 quam
403 3047 607 3112 exonerarim
619 3047 765 3111 animum
783 3048 1014 3125 sollicitudine,
1028 3071 1113 3133 quae

113 3152 260 3235 quietem
288 3150 528 3215 morabatur?''
554 3151 754 3234 signumque
784 3173 916 3234 pugnae
939 3153 1022 3216 tuba
1043 3155 1114 3217 dari

114 3256 220 3322 iussit.
268 3255 313 3319 Et
352 3276 427 3319 cum
464 3255 499 3318 in
530 3255 646 3318 eadem
684 3255 903 3319 admiratione
941 3257 1113 3321 Parmenio
1132 3285 1164 3336 23

62 3381 89 3422 ao
114 3369 352 3443 perseveraret,
369 3360 457 3442 quod
482 3359 626 3422 solutum
644 3377 680 3421 se
701 3360 788 3422 curis
806 3379 958 3423 somnum
984 3361 1114 3443 cepisse

114 3464 261 3540 dixisset,
292 3472 310 3499 “
322 3461 635 3553 Minimess’jnquit,
655 3462 803 3525 “mirum
831 3472 902 3530 est:
919 3455 989 3546 ¹ego
1014 3465 1112 3540 enim,

115 3588 191 3633 cum
208 3567 338 3631 Dareus
354 3576 477 3630 terram
494 3574 613 3639 ureret,
630 3565 721 3629 vicos
737 3565 940 3642 excinderet,
956 3567 1120 3630 alimenta

284 3772 316 3814 ¹⁵·
330 3767 440 3816 marcere,
449 3762 532 3818 droop,
540 3762 640 3807 ebriati.
700 3772 738 3814 ις.
750 3755 894 3810 itemfor
904 3749 988 3799 truta·
