2476 4036
327 172 555 238 Historiarum
577 172 764 238 Alexandri
783 173 848 272 Ill,
877 189 923 237 12.
1087 189 1124 253 31

126 355 264 422 vicisset
279 357 431 440 profecto
448 356 635 440 superbiam
652 368 752 441 atque
767 356 858 433 iram,
877 356 963 421 mala
985 355 1127 421 invicta:

129 462 179 526 sic
194 461 412 526 abstinuisset
429 461 517 525 inter
532 461 647 544 epulas
663 462 819 527 caedibus
836 461 1015 525 amicorum
1039 480 1129 543 egre-

128 566 269 649 giosque
284 565 370 629 hello
392 565 480 628 viros
503 575 537 629 et
561 575 612 630 tot
635 566 787 648 gentium
811 585 924 629 secum
947 564 1128 628 domitores

130 670 254 734 indicta
280 690 380 734 causa
409 669 536 733 veritus
567 679 656 733 esset
680 670 839 732 occidere.
888 669 956 733 Sed
979 669 1127 732 nondum
1147 695 1179 732 κο

88 793 102 833 o
129 774 264 837 fortuna
279 795 316 838 se
331 774 441 838 animo
462 774 533 837 eius
557 773 809 856 superfuderat:
833 772 943 855 itaque
966 772 1128 835 orientem

130 887 199 942 tam
222 879 391 942 moderate
408 887 441 941 et
457 878 638 960 prudenter
659 876 745 951 tulit,
763 877 804 940 ad
827 876 981 940 ultimum
1004 876 1129 958 magni-

129 981 280 1045 tudinem
297 981 369 1044 eius
385 1002 452 1045 non
469 981 566 1063 cepit.
614 981 710 1044 Tunc
726 980 860 1063 quidem
883 980 930 1042 ita
952 999 989 1043 se
1012 979 1126 1062 gessit,
1147 1007 1176 1044 ει

129 1094 167 1149 ut
182 1104 299 1149 omnes
315 1094 393 1149 ante
409 1104 492 1167 eum·
502 1105 598 1168 reges
614 1094 647 1147 et
664 1083 872 1148 continentia
894 1093 928 1147 et
952 1084 1129 1148 clementia

128 1188 350 1253 vincerentur.
397 1188 554 1271 Virgines
566 1188 698 1271 reginas
712 1187 905 1253 excellentis
917 1187 1044 1251 formae
1059 1196 1128 1251 tam

76 1312 104 1352 10
131 1301 246 1356 sancte
271 1291 396 1368 habuit,
418 1313 518 1375 quam
540 1293 568 1355 si
589 1293 706 1355 eodem
731 1277 797 1375 quo
816 1291 889 1374 ipse
913 1300 1051 1374 parente
1075 1311 1129 1373 ge·

130 1395 220 1460 nitae
242 1395 372 1460 forent:
396 1395 570 1478 coniugem
595 1394 753 1471 eiusdem,
773 1416 872 1478 quam
896 1395 986 1458 nulla
1008 1395 1128 1458 aetatis
1147 1420 1179 1456 22

130 1520 210 1564 suae
230 1499 476 1582 pulchritudine
500 1499 645 1580 corporis
667 1500 755 1574 vicit,
773 1500 856 1563 adeo
879 1499 950 1581 ipse
973 1520 1040 1563 non
1062 1499 1129 1562 vio-

130 1603 218 1679 lavit,
236 1613 273 1667 ut
297 1623 460 1667 summam
483 1603 668 1666 adhibuerit
693 1624 815 1679 curam,
832 1623 875 1666 ne
899 1602 973 1687 quis
997 1603 1128 1685 captivo
1180 1641 1183 1645 ·

131 1707 258 1790 corpori
270 1707 453 1772 inluderet:
476 1727 608 1770 omnem
621 1708 746 1771 cultum
763 1707 856 1771 reddi
870 1707 1005 1771 feminis
1020 1707 1126 1783 iussit,

77 1831 104 1873 1⁶
131 1810 380 1894 necquicquam
393 1831 434 1874 ex
449 1810 609 1893 pristinae
623 1810 778 1874 fortunae
791 1812 1041 1894 magnificentia
1056 1833 1129 1895 cap·
1147 1834 1179 1884 23

130 1914 207 1978 tivis
238 1925 371 1997 praeter
400 1914 554 1979 fiduciam
585 1914 698 1978 defuit.
762 1916 881 1999 Itaque
919 1915 1126 1998 Sisigambis,
1147 1945 1180 1994 24

133 2017 266 2095 “Rem’'
290 2018 407 2102 inquit,
434 2025 453 2053 “
462 2018 607 2094 mereris,
632 2028 669 2082 ut
692 2039 729 2082 ea
754 2039 927 2102 precemur
948 2019 1019 2095 tibi,
1044 2041 1129 2104 quae

131 2123 242 2187 Dareo
265 2132 381 2187 nostro
404 2123 570 2205 quondam
594 2131 747 2204 precatae
771 2144 895 2199 sumus,
920 2143 983 2187 nec
1006 2123 1130 2188 invidia

130 2227 252 2309 dignus
268 2246 313 2302 ee,
327 2225 384 2309 qui
399 2235 530 2290 tantum
547 2246 659 2308 regem
676 2247 744 2289 non
760 2227 922 2291 felicitate
938 2227 1055 2304 solum,
1070 2230 1129 2292 sed

78 2355 105 2395 m
131 2331 231 2395 etiam
248 2330 416 2413 aequitate
432 2329 646 2412 superaveris.
694 2330 747 2394 Tu
763 2331 895 2414 quidem
911 2342 1051 2395 matrem
1077 2353 1129 2396 me
1148 2354 1178 2409 ²5

130 2444 164 2499 et
191 2433 340 2516 reginam
365 2453 473 2510 vocas,
496 2435 555 2498 sed
580 2453 642 2516 ego
669 2455 723 2497 me
750 2444 841 2498 tuam
868 2435 1027 2500 famulam
1055 2456 1129 2502 esse

130 2539 299 2603 confiteor.
347 2538 392 2601 Et
408 2538 605 2620 praeteritae
620 2538 776 2602 fortunae
790 2539 961 2622 fastigium
984 2540 1078 2622 capio
1095 2551 1129 2605 et

130 2641 317 2724 praesentis
333 2641 446 2724 iugum
463 2642 531 2724 pati
548 2663 704 2724 possum:
728 2653 786 2707 tua
801 2643 950 2721 interest,
967 2654 1129 2727 quantum

130 2746 164 2809 in
188 2766 249 2810 nos
271 2745 410 2821 licuerit,
429 2745 456 2808 si
479 2745 513 2809 id
536 2747 647 2828 potius
670 2747 849 2811 clementia
869 2769 968 2831 quam
993 2749 1130 2814 saevitia

78 2875 104 2916 u
130 2849 180 2914 vis
196 2870 271 2914 esse
286 2848 479 2914 testatum.''
527 2851 602 2914 Rex
616 2852 740 2916 bonum
757 2852 903 2917 animum
927 2853 1051 2918 habere
1074 2874 1130 2918 eas
1149 2867 1181 2916 26

130 2953 235 3019 iussit.
283 2953 385 3017 Darei
408 2953 510 3017 filium
537 2954 621 3019 collo
645 2977 705 3020 suo
728 2957 893 3021 admovit:
924 2967 1026 3041 atque
1049 2957 1130 3021 nihil

130 3057 185 3121 ille
201 3065 382 3139 conspectu
398 3067 469 3121 tum
487 3059 631 3142 primum
654 3082 673 3124 a
696 3081 732 3125 se
755 3061 817 3125 visi
841 3063 1042 3126 conterritus
1065 3083 1131 3127 cer-

130 3161 237 3226 vicem
267 3160 339 3225 eius
369 3163 522 3227 manibus
553 3164 771 3247 amplectitur.
820 3167 935 3230 Motus
966 3187 1045 3249 ergo
1075 3187 1132 3230 rex

131 3265 321 3329 constantia
357 3267 450 3347 pueri
491 3269 776 3351 Hephaestionem
808 3269 954 3346 intuens,
989 3272 1130 3354 “Quam

79 3397 105 3437 ω
130 3367 280 3443 vellem,”
304 3369 421 3453 inquit,
443 3373 602 3438 “Dareus
625 3374 748 3457 aliquid
771 3394 812 3437 ex
835 3376 898 3439 hac
921 3375 1032 3439 indole
1054 3377 1132 3439 hau-

131 3471 230 3536 sisset
244 3474 250 3536 !
262 3471 280 3496 ''
316 3475 413 3539 >Tum
431 3479 643 3542 tabernaculo
654 3464 824 3561 egressus.

79 3579 116 3641 33
174 3575 296 3642 Tribus
311 3578 377 3643 aris
394 3579 428 3644 in
445 3580 518 3666 ripa
534 3582 645 3647 Pinari
658 3582 768 3647 amnis
782 3583 859 3647 loni
868 3593 975 3665 atope
991 3583 1139 3644 Remuli
1150 3606 1187 3651 m

56 3772 79 3813 5·
92 3759 386 3820 &mmmmm
423 3793 460 3824 ²²·
476 3781 554 3836 capio.
564 3779 733 3826 understand.
770 3791 806 3830 ας.
820 3751 1225 3817 ιεωιωὶωᾲοὶαηιόκὶιω

389 3841 485 3891 ‘mm
534 3863 569 3905 30·
584 3833 941 3899 indolacaamarflprrn.
