2476 4036
313 181 542 246 Historiam
565 181 751 246 Alexandri
771 162 833 259 JV,
863 200 909 249 10.
1029 162 1034 173 '
1070 199 1107 266 71

110 366 208 451 copia
236 374 482 432 commeatuum
513 364 696 431 instructus
710 367 905 451 'quadriduo
932 368 966 433 in
994 372 1110 434 eodem

111 471 184 536 loco
200 470 359 534 substitit.
729 547 732 550 Ι

156 576 368 656 Interceptae
404 573 524 638 deinde
562 575 664 639 Darei
701 574 831 639 litterae
869 587 958 654 sunt,
990 578 1110 661 quibus
1131 595 1161 646 16

114 679 233 744 Graeci
248 679 372 742 milites
389 678 661 755 sollicitabantur,
679 690 716 743 ut
732 701 845 762 regem
869 692 925 745 aut
949 682 1112 747 interfice-

74 803 87 843 ο
113 793 186 848 rent
205 792 262 846 aut
286 785 474 866 proderent,
492 783 730 867 dubitavitque,
747 806 790 848 an
807 806 863 850 eas
879 807 938 868 pro
956 788 1111 851 contione

113 888 276 963 recitaret,
304 887 385 951 satis
409 888 554 951 confisus
582 889 784 952 Graecorum
812 910 943 973 quoque
970 911 1049 974 erga
1076 912 1111 955 se

113 992 357 1056 benivolentiae
373 1013 411 1056 ac
430 992 517 1056 fidei.
566 993 633 1057 Sed
657 994 830 1056 Parmenio
853 995 1023 1070 deterruit,
1049 1018 1161 1073 non17

69 1076 94 1179 '⁵
112 1117 188 1161 esse
203 1097 326 1161 talibus
342 1097 515 1179 promissis
532 1097 716 1163 inbuendas
732 1118 829 1161 aures
852 1098 994 1161 militum
1018 1101 1112 1163 adfir-

112 1222 228 1266 mans:
258 1211 373 1283 patere
395 1200 448 1266 vel
471 1201 569 1265 unius
592 1201 721 1265 insidiis
744 1222 876 1284 regem:
906 1202 989 1265 nihil
1015 1204 1112 1267 nefas

61 1326 88 1367 ro
114 1326 189 1370 esse
204 1306 369 1370 avaritiae.
418 1305 561 1370 Secutus
577 1306 706 1369 consilii
721 1315 890 1370 auctorem
915 1317 1024 1370 castra
1046 1329 1113 1371 mo-

61 1417 99 1478 41
112 1410 170 1474 vit.
219 1410 290 1474 lter
305 1409 441 1474 facienti
458 1411 560 1491 spado
576 1430 595 1472 e
611 1409 760 1491 captivis
779 1410 834 1493 qui
851 1410 953 1474 Darei
976 1432 1110 1475 uxorem
1132 1428 1162 1480 18

112 1513 366 1589 comitabantur,
390 1514 532 1578 deficere
558 1534 631 1577 eam
657 1514 790 1577 nuntiat
818 1522 851 1578 et
878 1514 932 1578 vix
959 1515 1111 1597 spiritum

113 1619 243 1683 ducere.
292 1617 428 1681 Itineris
453 1617 601 1682 continui
631 1617 743 1682 labore
773 1617 941 1701 animique
971 1619 1112 1702 aegritu·
1133 1649 1163 1700 19

113 1722 192 1786 dine
206 1720 347 1805 fatigata
362 1721 450 1785 inter
466 1742 580 1786 socrus
596 1731 630 1785 et
645 1721 812 1804 virginum
828 1723 970 1787 filiarum
994 1745 1112 1788 manus

62 1841 89 1884 1⁶
114 1825 270 1909 conlapsa
286 1834 366 1901 erat,
384 1825 504 1889 deinde
520 1834 554 1889 et
570 1826 725 1890 extincta.
773 1827 812 1889 Id
828 1826 937 1908 ipsum
954 1828 1113 1892 nuntians

114 1930 197 1994 alius
211 1927 411 2011 supervenit.
454 1930 498 1993 Et
512 1949 568 1993 rex
580 1930 667 1993 haud
684 1950 790 2006 secus,
804 1951 903 2013 quam
921 1931 949 1994 si
965 1933 1112 2013 parentis
1131 1963 1163 2000 ιο

115 2054 204 2097 mors
219 2032 374 2096 nuntiata
390 2043 489 2109 esset,
507 2034 640 2098 crebros
663 2034 767 2097 edidit
790 2034 936 2116 gemitus
958 2036 1115 2100 lacrimis·

115 2158 179 2221 que
203 2137 338 2213 obortis,
363 2136 468 2220 qualis
496 2138 626 2201 Dareus
657 2137 869 2219 profudisset,
898 2139 933 2202 in
963 2141 1114 2204 taberna-

115 2241 235 2317 culum,
260 2240 294 2303 in
319 2261 384 2324 quo
407 2251 514 2305 mater
537 2251 607 2305 erat
632 2241 745 2317 Darei,
770 2242 931 2307 defuncto
956 2244 1113 2309 adsidens

62 2365 89 2406 ao
115 2345 244 2427 corpori
274 2345 374 2409 venit.
423 2344 491 2409 Hic
517 2365 596 2408 vero
626 2354 805 2409 renovatus
836 2355 888 2410 est
919 2368 1057 2424 maeror,
1076 2359 1112 2413 ut
1132 2373 1162 2413 21

113 2458 314 2532 prostratam
331 2448 424 2513 humi
440 2448 531 2512 vidit.
557 2449 701 2513 Recenti
717 2448 804 2513 malo
820 2451 966 2531 priorum
982 2473 1113 2536 quoque

114 2553 284 2618 admonita
321 2562 492 2634 receperat
522 2553 555 2615 in
588 2553 750 2635 gremium
788 2554 918 2618 adultas
956 2555 1111 2639 virgines,

114 2677 236 2740 magna
252 2656 384 2740 quidem
401 2657 509 2720 mutui
532 2657 653 2721 doloris
670 2656 800 2733 solacia,
818 2659 877 2721 sed
900 2658 1021 2741 quibus
1042 2660 1114 2741 ipsa

114 2762 251 2825 deberet
275 2781 349 2824 esse
372 2760 502 2825 solacio
551 2761 591 2823 ln
615 2770 799 2842 conspectu
822 2772 892 2825 erat
916 2783 1021 2844 nepos
1044 2785 1115 2845 par·
1133 2792 1165 2829 22

62 2887 88 2928 ao
113 2865 220 2941 vulus,
234 2865 277 2928 ob
293 2864 326 2927 id
342 2863 450 2946 ipsum
462 2863 668 2940 miserabilis,
683 2865 771 2947 quod
787 2866 934 2928 nondum
948 2867 1114 2932 sentiebat

114 2969 347 3044 calamitatem,
360 2988 400 3032 ex
419 2967 560 3031 maxima
575 2977 670 3050 parte
679 2969 720 3031 ad
737 2968 845 3050 ipsum
859 2971 1111 3036 redundantem.

115 3073 278 3138 Crederes
301 3072 530 3136 Alexandrum
546 3071 635 3136 inter
650 3092 728 3136 suas
751 3073 1018 3138 necessitudines
1035 3075 1115 3140 flere
1133 3103 1164 3154 23

113 3188 147 3244 et
175 3179 296 3244 solacia
320 3199 387 3243 non
414 3179 580 3254 adhibere,
606 3179 664 3242 sed
689 3196 856 3260 quaerere.
913 3178 997 3242 Cibo
1024 3190 1115 3244 certe

48 3342 51 3346 ,
112 3283 275 3347 abstinuit
291 3303 490 3366 omnemque
506 3284 666 3346 honorem
682 3282 792 3346 funeri
808 3282 916 3364 patrio
940 3283 1114 3348 Persarum

61 3411 88 3454 ao
113 3409 204 3452 more
225 3387 378 3463 servavit,
395 3387 526 3470 dignus,
543 3389 686 3464 hercule,
706 3389 763 3472 qui
783 3409 873 3453 nunc
895 3410 1025 3473 quoque
1045 3400 1116 3453 tan-

112 3501 167 3556 tae
191 3501 224 3555 et
248 3491 514 3556 mansuetudinis
538 3502 571 3556 et
595 3493 822 3557 continentiae
845 3493 931 3557 ferat
957 3494 1114 3557 fructum.

114 3594 227 3662 Semel
243 3595 379 3660 omnino
395 3616 468 3660 eam
484 3596 625 3674 viderat,
640 3601 708 3682 duo
730 3597 788 3660 die
808 3606 914 3678 capta
923 3606 1074 3666 esu-nee
1080 3607 1129 3652 xxa
1141 3618 1184 3657 τι,

243 3798 277 3841 ¹⁴·
291 3799 378 3843 “lemn
389 3789 598 3843 mollier-indam.
654 3803 691 3844 η.
703 3770 1044 3831 necesriitud'meemlotiucm
