2476 4036
81 110 90 136 ⁷
152 167 196 215 ao
525 150 561 229 Q.
590 149 688 216 Curti
706 152 790 235 Rufi

151 341 287 416 superat
311 333 466 397 Pinarum
488 354 631 410 amnem,
657 334 693 398 in
715 334 830 418 tergis,
855 345 892 399 ut
916 335 1082 412 credebat,
1107 335 1158 401 fu·

150 437 315 520 gientium
353 439 523 503 haesurus.
571 438 622 501 At
659 439 715 514 illi,
748 459 887 522 quorum
924 450 1155 522 amputaverat
1169 443 1208 504 21

151 562 279 616 manus,
311 542 353 605 ad
384 551 492 605 castra
523 543 746 606 Macedonum
776 553 964 625 penetrant,
994 544 1154 620 Dareum,

104 669 134 724 ¹7
152 655 277 728 quanto
294 646 437 709 maximo
454 667 552 709 cursu
575 656 699 728 posset,
718 647 811 729 sequi
835 647 1040 711 nuntiantes.
1089 648 1157 712 Vix

151 750 236 814 fides
266 750 459 814 habebatur.
509 750 627 833 Itaque
654 750 881 831 speculatores
909 751 944 815 in
971 751 1155 816 maritimas
1195 765 1210 807 ⁶

152 854 305 936 regiones
321 853 521 936 praemissos
538 855 708 935 explorare
724 875 781 917 rex
795 854 897 930 iubet,
915 855 987 935 ipse
1009 855 1154 931 adesset,

151 979 194 1022 an
213 958 458 1040 praefectorum
477 958 596 1040 aliquis
620 959 765 1040 speciem
782 959 990 1040 praebuisset
1007 959 1156 1022 universi

104 1072 136 1125 18
152 1061 317 1125 venientis
340 1062 515 1126 exercitus.
563 1062 632 1126 Sed
656 1083 731 1125 cum
759 1062 985 1144 speculatores
1013 1072 1157 1127 reverte·

152 1176 277 1241 rentur,
294 1167 408 1248 procul
424 1166 544 1248 ingens
560 1166 739 1230 multitudo
755 1175 936 1250 conspecta
952 1176 1011 1231 est.
1052 1167 1155 1250 Ignes

151 1269 274 1334 deinde
302 1271 384 1333 totis
408 1270 533 1352 campis
563 1271 738 1335 conlucere
765 1280 946 1354 coeperunt
978 1270 1156 1353 omniaque
1181 1287 1209 1328 n

152 1375 244 1438 velut
267 1374 453 1438 continenti
477 1375 630 1437 incendio
653 1376 769 1439 ardere
786 1376 868 1452 visa,
886 1396 962 1439 cum
985 1375 1157 1440 incondita

152 1479 331 1542 multitudo
358 1478 501 1541 maxime
523 1489 660 1560 propter
682 1479 832 1542 iumenta
854 1479 960 1542 laxius
990 1479 1152 1544 tenderet.

106 1598 136 1651 ¹9
155 1583 272 1665 ltaque
284 1602 323 1645 eo
336 1582 408 1663 ipso
424 1583 496 1645 loco
513 1583 631 1646 metari
647 1603 725 1646 suos
741 1592 851 1646 castra
867 1584 1017 1659 iusserat,
1035 1584 1153 1658 laetus,

153 1687 242 1769 quod
258 1685 349 1749 omni
366 1686 549 1767 expetierat
568 1695 656 1759 voto,
675 1687 708 1749 in
733 1687 797 1749 illis
820 1686 1032 1768 potissimum
1055 1706 1157 1769 angu-

103 1818 137 1858 ω
154 1789 227 1853 stiis
243 1790 490 1853 decernendum
506 1790 585 1854 fore.
634 1790 802 1865 Ceterum,
821 1800 857 1853 ut
875 1791 959 1854 solet
979 1790 1060 1866 fieri,
1077 1810 1154 1854 cum
1180 1807 1207 1848 n

154 1894 261 1958 ultimi
277 1894 477 1957 discriminis
500 1904 633 1976 tempus
657 1897 824 1970 adventat,
843 1895 877 1957 in
896 1894 1155 1958 sollicitudinem

64 2067 67 2073 ,
152 2018 248 2062 versa
270 1998 391 2061 fiducia
412 2007 472 2061 est.
521 1999 615 2061 Illam
637 1999 743 2080 ipsam
765 1999 943 2073 fortunam,
962 2018 1027 2081 qua
1049 1997 1157 2080 adspi-

153 2111 249 2169 rante
268 2122 321 2166 res
339 2111 408 2164 tam
426 2122 584 2183 prospere
599 2112 759 2184 gesserat,
770 2103 945 2165 verebatur
960 2122 1022 2166 nec
1035 2101 1156 2166 iniuria

154 2227 195 2270 ex
210 2206 271 2282 his,
290 2225 374 2288 quae
389 2206 562 2270 tribuisset
586 2206 659 2282 sibi,
677 2227 776 2289 quam
800 2205 968 2269 mutabilis
992 2214 1090 2280 esset,
1108 2225 1156 2268 re-

153 2312 310 2392 putabat:
333 2330 433 2372 unam
458 2329 633 2391 superesse
657 2319 799 2384 noctem,
824 2330 908 2392 quae
931 2309 1017 2372 tanti
1043 2307 1155 2372 discri-
1180 2328 1207 2368 no

104 2440 134 2479 21
154 2415 253 2478 minis
266 2424 450 2476 moraretur
462 2423 627 2476 eventurn.
669 2415 800 2477 Rursus
813 2414 1016 2488 occurrebat,
1030 2412 1155 2477 maiora

153 2518 308 2601 periculis
324 2517 471 2600 praemia
486 2527 528 2592 et,
547 2517 632 2580 sicut
649 2517 786 2580 dubium
810 2526 909 2591 esset,
927 2537 969 2579 an
992 2516 1151 2600 vinceret,

152 2621 201 2685 ita
216 2621 296 2684 illud
321 2621 435 2702 utique
458 2630 586 2683 certum
610 2641 692 2696 esse,
710 2621 852 2683 honeste
875 2630 910 2683 et
933 2641 1010 2684 cum
1032 2640 1154 2703 magna

104 2749 137 2787 22
153 2725 251 2789 laude
263 2725 468 2787 moriturum.
510 2725 627 2805 ltaque
644 2745 780 2806 corpora
795 2724 916 2787 milites
930 2744 1044 2787 curare
1057 2723 1154 2787 iussit

153 2850 191 2894 ac
216 2828 336 2892 deinde
360 2828 460 2891 tertia
483 2828 596 2910 vigilia
626 2829 808 2891 instructos
833 2837 867 2890 et
891 2836 1037 2891 armatos
1068 2847 1151 2892 esse.
1178 2849 1206 2891 ns

154 2933 232 3017 Ipse
248 2933 282 2995 in
299 2932 414 3014 iugum
431 2931 511 2995 editi
527 2920 651 2995 montis
668 2926 819 2996 escendit
838 2932 1020 3014 multisque
1043 2931 1154 2995 conlu-

153 3036 307 3100 centibus
322 3036 452 3099 facibus
469 3035 575 3118 patrio
593 3055 683 3098 more
700 3035 899 3099 sacrificium
924 3035 975 3099 dis
999 3034 1154 3118 praesidi·

104 3153 136 3206 23
153 3141 216 3204 bus
246 3140 309 3203 loci
339 3140 428 3203 fecit.
477 3140 613 3222 Iamque
644 3140 789 3214 tertium,
822 3139 908 3202 sicut
939 3148 1154 3222 praeceptum

153 3254 233 3320 erat,
252 3244 384 3326 signum
400 3246 482 3308 tuba
497 3244 593 3306 miles
608 3253 791 3325 acceperat,
809 3243 919 3305 itineri
941 3243 1040 3306 simul
1064 3263 1155 3325 para-

153 3359 208 3412 tus
235 3368 273 3412 ac
300 3347 444 3429 proelio:
472 3358 673 3430 strenueque
704 3347 784 3410 iussi
815 3348 994 3428 procedere
1024 3347 1153 3410 oriente
1179 3359 1206 3408 so

153 3452 227 3516 luce
243 3461 465 3535 pervenerunt
489 3452 529 3513 ad
553 3451 735 3532 angustias,
753 3471 835 3532 quas
859 3470 1021 3533 occupare
1045 3451 1155 3514 decre-

103 3578 137 3626 24
153 3565 276 3620 verant.
334 3557 481 3618 Dareum
508 3577 572 3618 xxx
596 3555 673 3619 inde
700 3554 809 3618 stadia
834 3555 952 3618 abesse
981 3553 1156 3635 praemissi

53 3742 77 3777 4·
99 3726 187 3781 odanto
201 3743 406 3800 maximo=quam
425 3751 534 3796 maximo.
661 3767 696 3796 12.
717 3751 828 3801 tenderet,
848 3744 971 3790 stretched
991 3737 1087 3792 innisi·
1105 3729 1235 3798 &imm

66 3801 101 3838 ¹⁴¹
116 3805 151 3829 ‘'''
179 3800 185 3808 ’
263 3812 543 3862 ἠτεεεάειιείείιιίϋίε.
560 3845 567 3861 .
584 3847 592 3861 .
608 3818 664 3866 sore.
705 3819 737 3862 18.
754 3814 850 3866 iniuria,
860 3808 984 3860 wrmly·
1006 3815 1045 3843 ²²·
1058 3788 1232 3847 messum&-
