2476 4036
42 95 49 107 ’
108 146 149 216 52
479 130 515 211 o.
545 129 643 198 cura
661 131 774 216 aust„

105 314 220 382 docuit
246 324 303 381 aut
328 315 451 381 didicit.
501 315 661 380 Coloniae
685 324 777 380 certe
800 314 873 381 eius
897 335 1009 400 paene
1035 317 1108 384 orbe

105 429 177 484 toto
208 419 353 484 diffusae
376 429 477 484 sunt:
510 419 680 503 Carthago
703 419 737 483 in
762 419 888 496 Africa,
913 420 949 484 in
974 421 1109 487 Boeotia

56 547 90 587 ιο
105 523 253 600 Thebae,
274 524 384 589 Gades
401 524 443 587 ad
460 523 642 588 Oceanum.
691 522 800 587 Credo
816 523 921 587 libero
937 544 1111 591 conmean-

105 636 159 693 tes
174 626 257 691 mari
274 627 472 710 saepiusque
489 628 641 692 adeundo
657 629 779 693 ceteris
795 629 985 712 incognitas
1006 639 1111 696 terras

105 732 248 816 elegisse
274 734 370 798 sedes
396 733 572 809 iuventuti,
597 754 663 816 qua
684 743 766 798 tunc
792 734 1018 811 abundabant,
1044 736 1112 801 sive
1139 750 1149 792 ⁸

106 835 184 920 quia
198 837 323 902 crebris
341 837 487 901 motibus
504 846 752 902 terrae-nam
775 838 838 902 hoc
861 858 995 922 quoque
1016 839 1114 904 tradi·

105 941 367 1005 tur—cultores
384 941 456 1005 eius
471 941 603 1024 fatigati
619 961 705 1004 nova
727 950 761 1005 et
785 950 923 1005 externa
944 942 1115 1008 domicilia

54 1066 85 1109 ar
105 1042 207 1109 armis
220 1043 354 1109 sibimet
370 1065 529 1128 quaerere
545 1046 759 1128 cogebantur.
800 1044 919 1110 Multis
935 1065 1017 1129 ergo
1033 1047 1115 1112 casi-

105 1146 169 1219 bus
191 1147 352 1212 defuncta
373 1158 408 1212 et
430 1157 508 1231 post
531 1148 694 1212 excidium
718 1158 834 1212 renata
856 1168 945 1214 nunc
972 1151 1112 1216 tandem

105 1249 207 1334 longa
235 1272 318 1334 pace
348 1261 469 1316 cuncta
499 1251 672 1317 refovente
702 1252 765 1317 sub
794 1251 901 1318 tutela
936 1234 1113 1320 Romanae
1135 1270 1157 1313 u

106 1354 374 1421 mansuetudinis
400 1355 595 1439 adquiescit.

533 1606 615 1671 Car.
640 1606 682 1672 V.

150 1771 262 1837 Isdem
288 1769 394 1837 ferme
421 1772 539 1837 diebus
571 1773 672 1837 Darei
703 1774 837 1838 litterae
866 1772 999 1840 adlatae
1030 1782 1159 1844 suntal

104 1877 240 1941 tandem
257 1887 293 1939 ut
310 1876 380 1958 regi
400 1877 551 1959 scriptae.
601 1877 761 1942 Petebat:
788 1877 865 1941 “uti
888 1877 990 1942 filiam
1014 1899 1111 1944 suarn

102 2013 149 2028 ·-
163 1979 310 2045 Statirae
348 1989 420 2043 erat
458 2001 580 2043 nomen
596 2018 641 2027 —
655 1981 782 2062 nuptiis
819 1981 1012 2046 Alexander
1045 1983 1111 2048 sibi

101 2083 320 2167 adiungeret:
351 2084 463 2146 dotem
494 2084 615 2146 offerre
649 2104 783 2147 ornnem
819 2085 989 2168 regionem
1020 2085 1112 2152 inter
1135 2105 1161 2146 u

103 2184 364 2270 Hellespontum
381 2197 415 2250 et
441 2186 555 2272 Halyn
576 2208 707 2251 amnem
725 2187 832 2264 sitam,
850 2189 928 2252 inde
944 2188 1111 2256 orientem

67 2291 334 2374 aspectantibus
367 2290 465 2354 terris
497 2301 701 2356 contentum.
750 2290 787 2355 Si
817 2293 905 2356 forte
928 2292 1109 2372 dubitaret,

102 2395 189 2479 quod
202 2396 389 2469 offerretur,
404 2393 563 2476 accipere,
575 2414 756 2478 numquam
770 2394 826 2459 diu
837 2397 954 2460 eodem
965 2396 1110 2481 vestigio

56 2523 60 2533 ·
101 2507 191 2564 stare
205 2499 375 2562 fortunam
403 2518 600 2581 semperque
624 2498 785 2574 homines,
804 2510 1109 2585 quantamcumque

100 2599 294 2668 felicitatem
313 2603 467 2678 habeant,
488 2602 646 2667 invidiam
663 2612 776 2667 tamen
794 2603 919 2667 sentire
938 2603 1105 2671 maiorem.
1133 2624 1160 2665 ao

67 2725 85 2780 3
101 2702 220 2772 Vereri
235 2727 281 2783 se,
300 2727 343 2770 ne
360 2707 469 2770 avium
490 2709 596 2783 modo,
616 2728 697 2790 quas
714 2707 876 2772 naturalis
892 2707 1012 2772 levitas
1034 2728 1110 2792 age·

101 2818 162 2886 ret,
178 2809 221 2873 ad
237 2810 347 2875 sidera
363 2811 453 2876 inani
470 2832 508 2877 ac
526 2812 644 2895 puerili
663 2821 776 2876 mente
792 2831 829 2875 se
845 2812 1002 2876 efferret:
1025 2811 1108 2877 nihil

101 2912 267 2979 difficilius
285 2936 359 2980 esse
378 2936 476 2999 quam
495 2916 527 2980 in
546 2916 602 2980 illa
618 2926 728 2981 aetate
752 2925 881 2981 tantam
905 2936 1024 2998 capere
1044 2915 1108 2981 for·

66 3027 225 3088 itunam.
274 3020 399 3084 Multas
417 3040 453 3085 se
470 3022 578 3086 adhuc
594 3021 750 3105 reliquias
766 3022 888 3085 habere
900 3041 963 3085 nec
975 3039 1110 3103 semper

100 3121 189 3189 inter
204 3124 377 3208 angustias
395 3145 494 3208 posse
519 3126 743 3209 deprehendi:
766 3126 1007 3190 transeundum
1031 3132 1108 3190 esse
1132 3143 1160 3184 u

100 3226 293 3294 Alexandro
318 3231 513 3314 Euphraten
537 3231 732 3314 Tigrimque
748 3239 782 3294 et
799 3230 935 3294 Araxen
951 3238 985 3294 et
1003 3228 1110 3294 Choa-

100 3351 192 3415 spen,
223 3355 346 3418 magna
377 3335 584 3399 munimenta
614 3334 709 3417 regni
737 3334 809 3399 sui:
839 3334 1040 3399 veniendum
1072 3333 1108 3398 in

66 3448 82 3506 5
100 3454 245 3519 campos,
263 3437 320 3502 ubi
333 3437 501 3521 paucitate
514 3457 647 3501 suorum
661 3438 925 3503 erubescendum
942 3438 993 3503 sit.
1035 3437 1108 3502 Iam

103 3538 260 3619 Mediam,
277 3541 491 3629 Hyrcaniam,
507 3541 627 3606 Bactra
642 3551 676 3606 et
695 3541 808 3618 ludos,
822 3541 952 3607 Oceani
966 3541 1107 3617 accolas,

219 3748 244 3790 3·
258 3734 332 3784 blm
338 3737 407 3795 mari,
418 3740 444 3786 e‘n
453 3738 498 3786 the
506 3743 565 3797 open
575 3752 616 3784 sea
625 3733 703 3782 which
709 3732 733 3778 is
741 3732 812 3776 under
821 3742 854 3773 no
861 3725 926 3772 one'a
933 3723 991 3766 nde·
