2476 4036
325 169 554 234 Historiarum
578 169 766 234 Alexandri
785 170 850 246 III,
876 173 904 233 8.
1079 186 1118 254 19
1165 151 1167 155 i

114 373 197 417 num
218 353 371 418 hostibus
394 355 603 420 traditurum.
652 356 756 419 Fama
771 354 858 418 bella
874 364 962 418 stare
979 362 1115 430 etcum,

115 457 174 541 qui
203 459 345 533 recedat,
370 458 488 541 fugere
515 459 613 524 credi.
660 459 830 524 Trahendi
855 479 934 522 vero
960 458 1039 523 belli
1062 459 1118 522 vix

116 562 218 626 ullam
241 581 316 626 esse
338 562 511 628 rationem.
558 564 689 627 Tantae
713 561 802 626 enirn
825 562 1040 638 multitudini,
1057 563 1119 626 uti·
1151 579 1168 630 8

116 686 181 749 que
211 686 287 731 cum
317 666 383 730 iam
414 667 521 731 hiems
548 666 698 743 instaret,
728 667 762 730 in
793 667 929 750 regione
957 676 1053 729 vasta
1082 676 1117 729 et

74 785 90 828 a
116 769 260 833 invicem
289 791 309 835 a
339 770 408 834 suis
440 781 541 854 atque
571 772 668 834 hoste
692 780 811 834 vexata
841 791 908 833 non
936 767 1118 834 suffectura

115 874 282 939 alimenta.
330 875 384 938 Ne
414 875 516 938 dividi
547 875 679 958 quidem
711 875 823 955 copias
853 895 952 957 posse
986 883 1167 941 servatos

116 998 208 1042 more
238 977 408 1055 maiorum,
432 980 489 1062 qui
522 980 693 1043 universas
720 979 807 1042 vires
839 977 1022 1042 discrimini
1052 977 1118 1041 bel-

115 1081 223 1145 lorum
239 1102 372 1164 semper
386 1083 578 1147 obtulerint.
627 1084 682 1159 Et,
701 1083 842 1157 hercule,
860 1081 1042 1145 terribilem
1063 1102 1118 1145 an·
1137 1105 1168 1142 ιο

115 1194 172 1250 tea
186 1207 298 1269 regem
315 1197 349 1250 et
367 1187 520 1251 absentia
539 1207 599 1251 sua
618 1188 660 1250 ad
676 1207 795 1249 vanam
811 1185 964 1249 fiduciam
982 1186 1115 1262 elatum,

65 1305 91 1348 ιο
116 1301 291 1373 postquam
309 1291 488 1356 adventare
505 1285 542 1355 se
558 1291 709 1366 senserit,
722 1298 855 1355 cautum
868 1310 927 1372 pro
940 1290 1117 1354 temerario

115 1392 250 1470 factum,
274 1395 448 1469 delituisse
470 1395 559 1459 inter
580 1396 753 1478 angustias
776 1395 880 1459 saltus
903 1395 976 1459 ritu·
993 1394 1119 1478 ignobi·

116 1497 198 1562 lium
223 1498 378 1575 ferarum,
404 1519 489 1582 quae
520 1500 660 1581 strepitu
689 1498 972 1582 praetereuntium
1004 1499 1118 1562 audito

116 1601 272 1666 silvarum
285 1602 420 1667 latebris
433 1624 470 1666 se
482 1603 682 1668 occulerent.
730 1604 799 1667 Iam
813 1603 913 1667 etiam
926 1602 1117 1667 valitudinis
1138 1627 1165 1664 ιι

117 1705 328 1771 simulatione
346 1707 498 1771 frustrari
519 1728 596 1770 suos
612 1707 745 1771 milites.
794 1707 861 1771 Sed
885 1727 953 1770 non
976 1707 1118 1788 amplius

66 1827 91 1868 u
118 1810 227 1892 ipsum
259 1829 333 1874 esse
364 1832 541 1893 passurum
568 1812 755 1875 detrectare
786 1820 974 1874 certamen:
1005 1811 1039 1873 in
1062 1811 1118 1873 illo

109 1914 228 1998 specu,
246 1913 281 1976 in
297 1935 396 1998 quem
417 1915 526 1997 pavidi
545 1915 773 1991 recessissent,
791 1935 1026 1996 oppressurum
1043 1935 1118 1979 esse

117 2029 323 2084 cunctantes.
362 2020 457 2084 Haec
470 2019 738 2102 magnificentius
751 2019 875 2082 iactata
886 2040 983 2102 quam
996 2019 1117 2082 verius:
1130 2042 1169 2079 ἰι

64 2127 105 2189 20
119 2123 276 2188 Ceterum
300 2123 442 2205 pecunia
465 2124 556 2186 omni
579 2144 756 2206 rerumque
779 2122 1029 2204 pretiosissimis
1054 2123 1119 2185 Da-

117 2248 267 2292 mascum
285 2227 400 2312 Syriae
416 2248 492 2292 cum
509 2227 639 2291 modico
655 2226 820 2308 praesidio
837 2227 979 2290 militum
996 2225 1117 2302 missis,

65 2353 92 2394 ao
118 2331 261 2415 reliquas
295 2331 407 2414 copias
435 2331 585 2395 Ciliciam
613 2331 717 2407 duxit,
742 2330 997 2414 insequentibus
1028 2350 1119 2394 more

117 2435 225 2519 patrio
254 2455 375 2518 agmen
403 2435 545 2518 coniuge
572 2455 610 2498 ac
637 2445 753 2499 matre.
799 2435 956 2519 Virgines
987 2454 1118 2518 quoque

117 2559 192 2604 cum
209 2559 310 2623 parvo
326 2539 394 2602 filio
410 2539 658 2604 comitabantur
673 2550 810 2620 patrem.

163 2644 264 2707 Forte
280 2644 395 2707 eadem
413 2652 512 2707 nocte
528 2653 562 2706 et
579 2640 771 2706 Alexander
791 2644 834 2706 ad
856 2643 980 2718 fauces,
998 2641 1118 2726 quibus
1139 2671 1169 2722 13

119 2746 216 2832 Syria
238 2746 356 2823 aditur,
374 2757 408 2810 et
433 2748 562 2810 Dareus
579 2747 620 2809 ad
638 2766 713 2810 eum
730 2746 851 2822 locum,
867 2766 966 2830 quem
982 2745 1120 2809 Amani·

10 2880 11 2884 ¹
65 2872 92 2915 aa
118 2871 174 2916 cas
197 2850 295 2936 Pylas
317 2860 448 2927 vocant,
468 2849 628 2933 pervenit.
678 2851 751 2914 Nec
775 2850 969 2915 dubitavere
988 2850 1117 2926 Persae,
1139 2879 1169 2928 ¹4

117 2954 195 3038 quin
223 2955 296 3018 Isso
321 2953 446 3029 relicta,
473 2974 571 3036 quam
604 2963 771 3034 ceperant,
797 2954 1000 3018 Macedones
1027 2953 1119 3037 fuge·

117 3068 211 3123 rent:
235 3079 309 3121 nam
328 3059 428 3121 etiam
445 3057 548 3121 saucii
564 3057 697 3139 quidam
714 3067 747 3120 et
764 3058 908 3132 invalidi,
926 3057 982 3140 qui
997 3079 1118 3141 agmen

117 3182 183 3225 non
210 3172 365 3244 poterant
393 3161 557 3243 persequi,
582 3161 714 3242 excepti
739 3171 842 3225 erant.
891 3162 985 3244 Quos
1010 3163 1118 3226 omnis
1140 3187 1167 3241 ¹5

116 3265 280 3330 instinctu
302 3274 558 3348 purpuratorum
580 3265 720 3329 barbara
742 3265 876 3329 feritate
899 3265 1118 3329 saevientium

65 3393 91 3433 ao
117 3369 275 3453 praecisis
301 3369 495 3451 adustisque
521 3368 676 3432 manibus
704 3369 914 3444 circumduci,
939 3379 975 3432 ut
1006 3369 1118 3451 copias

116 3494 194 3538 suas
218 3481 405 3548 noscerent,
423 3472 571 3555 satisque
590 3472 744 3537 omnibus
769 3473 929 3554 spectatis
953 3472 1116 3548 nuntiare,

113 3576 199 3662 quae
222 3576 393 3657 vidissent,
419 3575 493 3664 regi
520 3597 583 3642 suo
607 3575 722 3643 iussit.
761 3576 877 3641 illotis
901 3596 985 3655 eigo
1008 3576 1183 3635 cassies

39 3774 74 3806 ¹¹·
88 3762 267 3820 ''imt‘ist‘rlke
280 3785 397 3820 manur-
429 3793 462 3834 13·
478 3778 627 3830 valitudinis,
638 3779 735 3823 illness.
761 3745 1135 3825 quffimssxkbtpbtsstssffli*
1160 3731 1225 3781 '⁸³⁸³

464 3844 568 3901 stinctu,
577 3851 605 3891 at
616 3845 661 3890 the
674 3839 837 3895 instigation-
