2460 4020
327 161 557 226 Historiarum
579 159 767 225 Alexandri
786 160 848 236 IV,
875 176 902 241 3.
1071 174 1115 242 47

111 344 325 412 intervallum
355 345 524 409 antemnis
554 345 788 427 asseribusque
812 342 931 409 validis
961 342 1115 428 deligatis

113 470 281 534 superque
303 468 360 512 eos
383 449 542 531 pontibus
569 449 692 524 stratis,
717 449 774 532 qui
804 448 943 512 militem
975 449 1117 513 sustine-

113 565 200 631 rent,
232 554 447 636 inpleverant.
505 552 562 617 Sic
599 553 781 617 instructas
815 553 1040 636 quadriremes
1073 553 1116 617 ad

113 660 232 723 urbem
248 658 414 740 agebant:
436 657 513 721 inde
529 657 666 720 missilia
678 656 712 720 in
725 666 975 740 propugnantes
988 656 1116 740 ingere-

75 782 88 822 s
114 765 239 828 bantur
253 770 337 838 tuto,
355 761 432 845 quia
452 761 560 844 proris
576 761 672 825 miles
688 762 872 844 tegebatur.
921 761 1035 824 Media
1050 781 1116 824 nox
1136 777 1166 827 16

114 878 196 943 erat,
210 888 286 932 cum
299 866 449 940 classem,
463 865 562 930 sicuti
572 865 697 930 dictum
710 875 772 941 est,
783 875 930 948 paratam
942 864 1116 930 circumire

114 991 228 1035 muros
259 969 361 1034 iubet.
409 971 546 1052 Iamque
569 989 672 1033 naves
694 970 768 1032 urbi
798 970 944 1053 undique
966 970 1117 1034 admove·

115 1076 245 1151 bantur,
263 1083 296 1137 et
319 1072 415 1158 Tyrii
437 1073 669 1166 desperatione
691 1074 880 1156 torpebant,
905 1094 980 1137 cum
1005 1073 1116 1137 subito

115 1179 243 1260 spissae
268 1177 375 1241 nubes
402 1176 576 1240 intendere
604 1197 641 1241 se
665 1177 766 1255 caelo,
789 1187 832 1254 et,
850 1177 1009 1260 quidquid
1031 1176 1115 1241 lucis

64 1302 90 1342 ro
116 1281 344 1356 internitebat,
376 1277 485 1344 offusa
512 1281 656 1364 caligine
690 1281 873 1346 extinctum
904 1291 964 1346 est.
1027 1282 1115 1345 Tum
1135 1304 1166 1358 ¹7

115 1386 350 1449 inhorrescens
381 1405 472 1448 mare
503 1385 661 1468 paulatim
691 1384 803 1460 levari,
835 1384 956 1448 deinde
990 1384 1116 1449 acriore

115 1498 218 1553 vento
248 1489 453 1553 concitatum
483 1488 605 1552 fluctus
636 1488 723 1553 ciere
746 1498 780 1552 et
805 1488 893 1552 inter
915 1508 953 1552 se
983 1488 1117 1571 navigia

117 1593 295 1657 conlidere.
344 1593 483 1676 Iamque
505 1592 611 1656 scindi
634 1601 815 1675 coeperunt
837 1592 977 1668 vincula,
995 1593 1116 1676 quibus

117 1717 263 1762 conexae
294 1697 520 1780 quadriremes
546 1706 649 1772 erant,
677 1691 772 1760 ruere
802 1696 953 1760 tabulata
978 1706 1012 1760 et
1040 1717 1115 1761 cum

66 1822 91 1863 1⁶
118 1801 247 1884 ingenti
262 1802 394 1883 fragore
410 1801 444 1863 in
467 1799 669 1883 profundum
692 1821 805 1864 secum
827 1800 950 1864 milites
973 1801 1113 1865 trahere.

120 1906 238 1987 Neque
254 1904 343 1968 enim
361 1913 516 1967 conserta
531 1904 664 1986 navigia
678 1904 745 1967 ulla
760 1924 823 1986 ope
847 1904 881 1967 in
897 1905 1030 1969 turbido
1046 1905 1116 1988 regi
1137 1923 1167 1974 18

117 2017 293 2092 poterant:
316 2007 411 2071 miles
442 2007 627 2071 ministeria
657 2017 840 2083 nautarum,
866 2029 979 2071 remex
1002 2009 1116 2072 militis

40 2107 41 2110 '
118 2112 227 2177 officia
256 2112 421 2187 turbabat,
440 2120 483 2187 et,
501 2111 589 2194 quod
620 2111 654 2174 in
684 2110 847 2175 eiusmodi
878 2132 958 2175 casu
987 2111 1116 2188 accidit,

118 2216 216 2298 periti
247 2215 371 2298 ignaris
402 2216 583 2297 parebant:
616 2216 737 2298 quippe
766 2216 1006 2297 gubernatores
1036 2214 1118 2279 alias

66 2344 93 2385 ao
119 2321 281 2402 imperare
301 2320 390 2384 soliti
405 2330 477 2383 tum
493 2328 584 2382 metu
607 2318 724 2381 mortis
746 2318 836 2382 iussa
859 2320 1115 2402 exequebantur.

118 2424 269 2488 Tandem
293 2423 392 2488 remis
422 2422 625 2506 pertinacius
649 2422 879 2486 everberatum
902 2443 993 2486 mare
1014 2422 1118 2487 veluti

119 2528 336 2611 eripientibus
359 2527 490 2609 navigia
513 2525 661 2590 classicis
685 2525 796 2601 cessit,
813 2526 1016 2608 adpulsaque
1039 2537 1117 2591 sunt

119 2632 208 2696 litori
223 2632 367 2696 lacerata
382 2632 547 2714 pleraque.
873 2705 876 2710 ¹

68 2740 105 2800 15
165 2737 275 2799 Isdem
299 2735 387 2798 forte
414 2735 531 2798 diebus
560 2733 889 2816 Carthaginiensium
917 2733 1020 2817 legati
1046 2753 1118 2800 xxx
1139 2764 1169 2815 19

68 2857 94 2904 u
120 2839 368 2921 superveniunt,
380 2838 487 2921 magis
503 2838 649 2902 obsessis
662 2837 821 2902 solacium
834 2859 932 2921 quam
943 2837 1099 2902 auxilium
1112 2861 1119 2905 :

120 2943 241 3027 quippe
257 2943 441 3006 domestico
457 2942 544 3006 bello
569 2943 698 3005 Poenos
715 2942 855 3024 inpediri
878 2963 941 3006 nec
957 2943 998 3005 de
1021 2941 1121 3024 impe-

120 3047 178 3122 rio,
197 3048 254 3110 sed
278 3067 337 3128 pro
354 3047 460 3110 salute
483 3046 641 3110 dimicare
664 3047 871 3110 nuntiabant.
920 3046 1120 3131 Syracusani
1138 3074 1171 3110 20

119 3160 192 3214 tum
223 3149 375 3214 Africam
407 3151 548 3214 urebant
579 3160 613 3214 et
643 3151 731 3214 haud
762 3151 876 3233 procul
908 3151 1120 3234 Carthaginis

120 3255 223 3318 muris
239 3254 428 3318 locaverant
444 3264 562 3318 castra.
611 3255 689 3318 Non
705 3255 818 3318 tamen
831 3256 984 3321 defecere
1000 3256 1120 3320 animis

69 3379 95 3420 eo
119 3358 223 3443 Tyrii,
240 3379 440 3442 quamquam
464 3360 506 3423 ab
530 3360 658 3442 ingenti
682 3381 741 3443 spe
764 3361 918 3425 destituti
940 3372 1043 3439 erant,
1061 3362 1120 3426 sed
1164 3410 1167 3415 -

120 3463 280 3547 coniuges
305 3465 495 3548 liberosque
520 3467 733 3530 devehendos
759 3465 996 3549 Carthaginem
1023 3467 1121 3530 tradi-

120 3569 251 3645 derunt,
262 3568 391 3645 lortius,
404 3569 562 3652 quidquid
575 3569 749 3645 accideret,
759 3568 867 3645 laturi,
879 3569 907 3632 si
918 3569 1119 3634 carissimam

55 3767 75 3796 ¹·
95 3757 309 3813 ”mimam
366 3764 490 3820 asseribus,
508 3765 598 3813 imme.
639 3782 683 3821 vq.
703 3766 803 3819 spissae,
818 3764 901 3807 dense.
961 3768 998 3793 '²²-
1016 3742 1189 3790 tffllffirffil

254 3830 442 3888 (²⁶¹2ssbtiisl·
500 3851 535 3892 30.
551 3812 1047 3890 duuruuaoammdbsderriv‘ffll·
