2476 4036
273 131 502 196 Historiarum
525 127 714 194 Alexandri
731 128 756 192 J
761 128 794 205 V,
821 144 849 209 3,
872 138 902 208 4.
1046 144 1092 210 49

86 327 220 405 poterat
237 325 281 394 et,
298 315 457 401 quidquid
473 313 642 398 attigerat,
659 314 846 397 perurebat,
863 310 1091 395 iacientesque

86 444 181 488 arma
195 420 349 486 laceratis
365 420 529 495 omnibus,
547 419 621 503 quis
638 417 769 501 protegi
785 426 950 500 poterant,
962 416 1092 479 vulner-

87 527 164 592 ibus
187 526 286 589 inulti
316 525 496 608 patebant:
519 523 610 587 corvi
639 541 719 585 vero
749 529 783 584 et
813 518 941 584 ferreae
970 540 1090 584 manus

87 638 257 696 tormento
273 628 432 694 remissae
447 628 625 711 plerosque
645 624 827 708 rapiebant.

508 877 591 942 Can.
618 876 678 940 IV.

43 1051 75 1114 Π
136 1047 202 1112 His
217 1067 275 1111 rex
294 1046 455 1130 fatigatus
471 1054 632 1110 statuerat
649 1042 759 1109 soluta
770 1041 944 1107 obsidione
957 1041 1091 1128 Aegyp
1127 1066 1138 1104 r

48 1178 63 1218 e
89 1162 163 1216 tum
189 1161 313 1234 petere.
362 1151 496 1234 Quippe
519 1170 595 1213 cum
614 1148 734 1212 Asiam
757 1147 887 1230 ingenti
912 1147 1091 1212 velocitate

89 1255 361 1339 percucurrisset,
379 1255 468 1318 eirca
490 1273 602 1316 muros
626 1252 726 1316 unius
751 1251 843 1315 urbis
866 1251 1023 1315 haerebat
1039 1261 1091 1317 tot

90 1359 306 1423 maximarum
333 1379 443 1422 rerum
466 1356 717 1439 opportunitate
738 1355 884 1419 dimissa
933 1355 1090 1421 Ceterum
1125 1381 1141 1419 2

90 1473 160 1529 tam
176 1463 346 1527 discedere
370 1461 508 1536 irritum,
526 1481 625 1544 quam
649 1459 770 1524 morari
792 1460 949 1542 pudebat,
965 1460 1090 1525 famam

43 1586 64 1626 u
90 1587 232 1650 quoque,
249 1586 315 1650 qua
337 1566 545 1648 pluraquam
568 1564 668 1628 armis
693 1573 865 1639 everterat,
885 1573 977 1627 ratus
993 1563 1091 1629 levio-

91 1691 161 1734 rem
184 1670 265 1746 fore,
290 1670 319 1734 si
349 1672 477 1755 Tyrum
507 1669 601 1753 quasi
631 1678 764 1744 testem,
795 1689 833 1732 se
862 1687 962 1750 posse
990 1668 1089 1746 vinci,

90 1774 288 1857 reliquisset.
351 1774 459 1856 Igitur
489 1793 531 1835 ne
558 1772 637 1856 quid
668 1771 877 1854 inexpertum
908 1773 1088 1849 omitteret,

91 1879 202 1961 plures
238 1898 341 1942 naves
375 1877 543 1941 admoveri
577 1877 670 1940 iubet
703 1876 916 1960 delectosque
947 1877 1089 1941 militum

91 1982 216 2065 inponi.
263 1983 307 2045 Et
323 1982 410 2045 forte
426 1981 525 2044 belua
536 1980 726 2043 invisitatae
738 1980 978 2063 magnitudinis
991 2001 1091 2064 super
1125 1995 1141 2048 3

43 2107 65 2147 u
92 2086 182 2168 ipsos
205 2086 328 2149 fluctus
351 2086 448 2149 dorso
472 2085 623 2148 eminens
647 2085 687 2147 ad
712 2084 841 2160 molem,
859 2106 958 2168 quam
982 2087 1091 2150 Mace-

91 2192 195 2254 dones
211 2189 366 2265 iecerant,
378 2189 497 2271 ingens
508 2209 627 2270 corpus
638 2188 797 2278 adplicuit
807 2189 1091 2274 diverberatisque

92 2293 251 2358 fluctibus
281 2293 438 2356 adlevans
471 2302 578 2356 semet
618 2292 784 2375 utrimque
814 2304 994 2376 conspecta
1017 2305 1091 2361 est:

91 2397 212 2461 deinde
228 2417 248 2460 a
263 2397 372 2478 capite
387 2397 484 2460 molis
500 2417 613 2460 rursus
634 2397 702 2460 alto
720 2417 756 2460 se
773 2397 923 2462 inmersit
939 2419 977 2463 ac
993 2400 1091 2464 modo
1124 2418 1143 2468 4

92 2520 193 2583 super
214 2501 319 2564 undas
342 2501 493 2564 eminens
515 2521 637 2583 magna
664 2501 715 2564 sui
738 2512 842 2584 parte,
856 2504 954 2567 modo
982 2525 1093 2587 super-

43 2627 66 2668 u
92 2605 178 2669 fusis
197 2605 354 2669 fluctibus
371 2605 505 2668 condita
519 2605 606 2669 haud
629 2607 743 2688 procul
766 2605 984 2672 munimentis
1000 2609 1092 2674 urbis

92 2728 130 2778 se
160 2709 283 2772 mersit.
332 2708 494 2790 Utrisque
524 2708 632 2773 laetus
669 2709 733 2774 fuit
771 2710 889 2775 beluae
918 2721 1092 2794 aspectus:
1126 2725 1141 2781 5

93 2813 296 2877 Macedones
319 2813 383 2875 iter
406 2811 555 2876 iaciendo
571 2813 663 2895 operi
684 2822 889 2879 monstrasse
904 2835 977 2880 eam
994 2836 1094 2899 augu-

91 2917 258 2992 rabantur,
278 2915 374 3000 Tyrii
399 2916 596 2999 Neptunum
621 2917 775 3000 occupati
803 2919 903 2983 maris
926 2919 1092 2985 vindicem

91 3019 278 3102 abripuisse
298 3019 428 3082 beluam
444 3041 483 3084 ac
496 3021 617 3084 molem
641 3021 732 3085 brevi
755 3023 906 3104 profecto
922 3024 1090 3090 ruituram.

43 3147 66 3187 u>
92 3121 254 3207 Laetique
277 3124 388 3187 omine
412 3144 452 3187 eo
482 3126 524 3187 ad
552 3125 666 3206 epulas
697 3126 816 3208 dilapsi
846 3148 1026 3192 oneravere
1057 3149 1093 3192 se

91 3226 177 3303 vino,
195 3248 260 3310 quo
277 3248 395 3310 graves
419 3238 492 3291 orto
517 3228 587 3292 sole
611 3229 743 3312 navigia
766 3233 997 3296 conscendunt
1014 3232 1095 3296 redi·

91 3330 174 3394 mita
204 3330 341 3395 floribus
373 3332 590 3414 coronisque:
617 3333 700 3397 adeo
722 3334 880 3397 victoriae
904 3356 972 3399 non
996 3357 1093 3399 omen

43 3435 200 3509 ternodo,
217 3435 392 3500 sedetiam
416 3436 672 3518 gratulationem
696 3448 943 3520 praeceperant.
992 3441 1094 3503 Forte
1128 3447 1146 3499 6

92 3557 151 3602 rex
172 3537 313 3604 classem
343 3540 378 3603 in
409 3540 573 3603 diversam
604 3551 735 3624 partem
764 3542 820 3626 agi
848 3542 994 3606 iusserat
1022 3562 1097 3605 xxx

65 3737 87 3781 ⁹!
101 3724 294 3784 ''fflfflfflaebaffld
304 3736 409 3781 without
419 3740 613 3795 accompttshtng
622 3739 661 3782 his
669 3741 785 3792 burlou,
810 3723 1065 3781 larnawepututten.
1088 3709 1180 3804 xta-{2

43 3784 125 3856 ῦσῖθΐῆ
136 3793 221 3832 would
226 3794 254 3837 be
262 3797 427 3847 dt'mr'm'slred.
467 3821 502 3860 14·
515 3806 759 3859 beluaamonster.
789 3814 825 3851 νι·
838 3771 1158 3841 ὒῑῐὶῦψῆἶῗοηδοωι·

43 3851 358 3909 mmmdMacedonians.
420 3885 456 3924 ²3·
472 3871 596 3926 occupati,
605 3870 650 3914 ie.
660 3869 695 3923 bv
703 3845 1010 3911 'neuaoeneumm-
1063 3846 1105 3881 ν’·
1115 3826 1180 3866 ’Μ

116 3910 351 3974 &eumeniam-
399 3937 436 3980 2⁶.
454 3937 584 3993 redimita,
594 3934 705 3982 altelred.
