2476 4036
314 189 542 252 Historiarum
565 189 751 252 Alexandri
771 191 835 264 III,
865 207 911 252 12.
1072 209 1114 273 29

112 394 156 438 ne
179 372 312 437 maioris
337 383 447 436 motus
475 372 672 455 principium
700 384 800 449 esset,
826 394 954 438 armare
981 396 1018 439 se
1044 396 1114 440 coe-

112 488 215 562 perat.
265 477 374 541 Causa
391 477 491 541 subiti
507 477 639 559 pavoris
654 477 727 552 fuit,
741 479 829 561 quod
845 488 951 542 mater
966 499 1113 563 uxorque
1147 501 1164 550 4

113 582 216 646 Darei
239 602 313 645 cum
338 581 478 663 captivis
501 581 668 645 nobilibus
692 602 815 665 regem,
839 603 938 665 quem
961 583 1114 648 interiec-

112 697 184 751 tum
201 706 275 750 esse
291 685 482 763 eredebant,
500 686 631 769 ingenti
651 686 780 768 gemitu
803 686 994 770 eiulatuque
1016 688 1114 751 defle·

73 808 87 848 ὁ
112 793 202 856 bant.
252 791 349 855 Unus
366 810 510 872 namque
526 810 544 853 e
561 790 700 872 captivis
718 790 929 872 spadonibus,
948 791 1004 874 qui
1026 790 1113 854 forte
1148 801 1162 855 5

112 906 191 959 ante
207 896 352 977 ipsarum
376 895 627 958 tabernaculum
651 902 800 969 steterat,
818 894 1007 971 amiculum,
1024 897 1113 978 quod

113 1001 253 1076 Dareus,
269 999 354 1063 sicut
370 999 469 1081 paulo
485 1008 563 1061 ante
579 998 705 1061 dictum
722 1007 783 1073 est,
799 1019 841 1061 ne
857 998 948 1088 cultu
964 1001 1113 1080 prodere-

111 1114 176 1180 tur,
193 1103 368 1178 abiecerat,
386 1102 420 1165 in
436 1102 591 1166 manibus
608 1102 688 1177 eius,
706 1102 763 1185 qui
780 1112 948 1183 repertum
971 1102 1111 1178 ferebat,

112 1207 248 1290 agnovit
275 1217 433 1290 ratusque
459 1206 640 1270 interiecto
668 1208 855 1270 detractum
886 1227 961 1270 esse
991 1205 1111 1270 falsum

60 1327 87 1370 ιο
112 1311 268 1374 nuntium
280 1311 396 1374 mortis
413 1311 486 1374 eius
501 1311 668 1374 attulerat.
718 1310 794 1373 Hoc
810 1310 986 1374 mulierum
1003 1330 1112 1374 errore
1147 1324 1164 1374 6

113 1424 272 1496 conperto
287 1414 481 1478 Alexander
500 1414 655 1477 fortunae
678 1413 780 1477 Darei
802 1423 836 1476 et
860 1413 977 1496 pietati
1000 1434 1112 1477 earum

112 1518 339 1582 inlacrimasse
351 1515 464 1582 fertur.
506 1517 559 1581 Ac
575 1517 681 1600 primo
699 1517 912 1595 Mithrenem,
926 1518 982 1601 qui
999 1518 1113 1583 Sardis

113 1622 303 1694 tradiderat,
332 1622 476 1704 peritum
501 1621 634 1703 linguae
667 1621 828 1697 Persicae,
857 1622 905 1686 ire
931 1624 973 1685 ad
1000 1643 1114 1687 conso-

113 1724 228 1790 landas
266 1747 322 1790 eas
357 1726 506 1789 iusserat.
555 1724 693 1789 Veritus
724 1725 853 1800 deinde,
885 1746 928 1789 ne
965 1727 1114 1809 proditor
1149 1745 1163 1799 7

62 1850 88 1891 u
114 1831 317 1912 captivarum
342 1831 423 1893 iram
447 1831 660 1912 doloremque
691 1837 875 1904 renovaret,
902 1830 1113 1893 Leonnatum

70 1950 87 1972 ⁶
115 1954 155 1997 ex
170 1934 360 2016 purpuratis
378 1934 446 1997 suis
463 1933 563 2008 misit,
579 1933 705 1996 iussum
723 1932 879 2009 indicare,
892 1933 977 1997 falso
992 1934 1114 1998 lamen-

113 2038 177 2102 tari
193 2059 249 2101 eas
265 2038 385 2102 vivum.
433 2038 493 2101 Ille
506 2058 582 2102 cum
598 2037 711 2120 paucis
727 2037 899 2120 armigeris
915 2037 949 2100 in
964 2040 1114 2102 taberna-

115 2142 235 2216 culum,
253 2141 287 2203 in
303 2161 368 2225 quo
384 2141 535 2223 captivae
552 2151 655 2217 erant,
673 2142 825 2224 pervenit
849 2142 1053 2225 missumque
1077 2162 1113 2205 se

114 2265 226 2327 arege
243 2245 397 2309 nuntiare
418 2244 518 2307 iubet.
566 2243 615 2306 At
632 2244 662 2320 ii,
681 2245 738 2326 qui
761 2245 795 2307 in
818 2246 984 2310 vestibulo
1007 2256 1111 2321 erant,
1147 2259 1164 2310 8

62 2371 89 2412 oo
114 2358 150 2412 ut
176 2358 320 2411 armatos
345 2366 556 2430 conspexere,
579 2347 642 2410 rati
663 2357 774 2411 actum
793 2369 868 2413 esse
892 2349 934 2413 de
959 2350 1111 2425 dominis,

113 2453 147 2516 in
171 2452 423 2516 tabernaculum
447 2462 592 2527 currunt,
610 2451 842 2528 vociferantes,
862 2453 979 2515 adesse
1003 2473 1113 2533 supre-

113 2577 200 2620 mam
214 2557 329 2620 horam
343 2556 538 2637 missosque,
552 2555 608 2638 qui
620 2555 810 2619 occiderent
824 2565 947 2638 captas.
984 2557 1110 2638 Itaque,
1147 2579 1163 2628 9

113 2669 150 2724 ut
173 2681 258 2743 quae
281 2680 343 2723 nec
367 2659 541 2741 prohibere
565 2669 703 2740 possent
731 2680 793 2724 nec
819 2659 996 2724 admittere
1018 2661 1114 2724 aude-

113 2773 197 2840 rent,
222 2765 313 2828 nullo
336 2783 497 2845 responso
520 2764 598 2827 dato
620 2762 743 2827 tacitae
766 2764 1025 2845 opperiebantur
1050 2765 1114 2828 vic-

61 2890 88 2932 u
112 2869 195 2932 toris
226 2867 407 2933 arbitrium.
465 2867 669 2941 Leonnatus,
695 2877 869 2949 expectato
899 2868 965 2945 diu,
989 2868 1046 2952 qui
1077 2890 1113 2932 se
1134 2897 1164 2932 ιο

112 2971 348 3046 introduceret,
388 2980 564 3053 postquam
607 2991 706 3034 nemo
743 2972 922 3052 procedere
959 2973 1111 3048 audebat,

112 3076 237 3141 relictis
261 3076 295 3138 in
318 3075 483 3139 vestibulo
507 3075 706 3138 satellitibus
737 3075 839 3138 intrat
865 3076 899 3138 in
922 3077 1114 3140 tabemacu·

111 3178 190 3244 lum.
239 3180 289 3242 Ea
304 3179 377 3260 ipsa
392 3199 444 3241 res
461 3179 652 3242 turbaverat
667 3179 818 3256 feminas,
837 3181 924 3263 quod
947 3181 1113 3263 inrupisse

111 3304 179 3347 non
208 3283 375 3346 admissus
405 3283 589 3346 videbatur.
644 3284 761 3366 Itaque
792 3294 899 3347 mater
928 3293 962 3347 et
993 3285 1112 3349 coniux
1133 3311 1160 3349 11

60 3409 87 3452 ao
112 3387 305 3469 provolutae
328 3388 369 3450 ad
392 3388 495 3468 pedes
519 3407 613 3450 orare
636 3396 827 3469 coeperunt,
852 3397 898 3464 ut,
919 3388 1110 3471 priusquam

112 3490 389 3566 interficerentur,
408 3491 511 3555 Darei
527 3511 647 3573 corpus
671 3490 751 3573 ipsis
774 3492 883 3572 patrio
907 3512 998 3555 more
1021 3513 1111 3574 sepe·

110 3593 172 3660 lire
194 3595 427 3678 permitteret:
456 3593 591 3662 iunctas
618 3615 774 3680 supremo
799 3595 838 3658 in
860 3615 978 3676 regern
1003 3596 1114 3657 officio

221 3800 258 3832 ao.
274 3799 353 3838 actum
361 3806 414 3840 esee
424 3795 461 3852 de,
470 3797 492 3842 it
502 3810 556 3842 was
568 3796 674 3842 altouci·
682 3792 763 3838 with:
780 3787 835 3831 os*
848 3770 1039 3826 I'rodwiffl‘
