2476 4036
294 149 522 214 Historiarum
545 149 734 217 Alexandri
753 151 778 213 I
784 150 816 226 V,
840 168 870 234 9,
900 165 945 215 10.
1079 150 1124 230 69

121 333 284 398 Aristona
306 334 423 398 laxatis
447 334 587 398 habenis
611 333 723 398 invehi
748 333 853 398 iussit.
903 332 1050 417 Insignis
1083 353 1122 397 eo
1140 364 1171 420 25

121 439 175 502 die
190 458 303 521 pugna
319 439 468 521 equitum
484 448 518 502 et
535 439 713 520 praecipue
729 437 901 502 Aristonis
925 438 1009 502 fuit:
1033 459 1123 520 prae-

120 543 246 608 fectum
277 543 444 627 equitatus
475 545 649 609 Persarum
686 545 886 627 Satropaten
925 545 1051 608 directa
1088 546 1122 608 in

120 661 239 734 guttur
254 651 351 714 hasta
366 651 531 715 transfixit
555 652 808 735 fugientemque
825 672 884 733 per
900 651 1027 715 medios
1051 652 1124 714 hos·

81 775 95 814 s
121 765 173 819 tes
205 765 405 819 consecutus
433 776 474 819 ex
500 776 585 839 equo
611 755 840 838 praecipitavit
872 766 905 818 et
938 755 1122 819 obluctanti

120 859 230 942 gladio
247 870 346 941 caput
363 860 517 942 dempsit,
536 861 623 943 quod
640 859 780 923 relatum
796 880 917 943 magna
933 880 1009 923 cum
1024 858 1122 924 laude

120 971 200 1026 ante
216 963 303 1047 regis
319 964 421 1045 pedes
437 963 557 1046 posuit.

546 1208 629 1273 Cor.
656 1209 698 1274 X.

70 1377 108 1439 39
167 1374 274 1439 Biduo
289 1374 335 1439 ibi
352 1375 473 1438 stativa
494 1396 552 1439 rex
575 1376 710 1443 habuit:
734 1359 768 1439 in
791 1377 977 1460 proximum
1001 1377 1123 1441 deinde
1160 1402 1170 1438 1

122 1479 328 1561 pronuntiari
352 1480 416 1542 iter
436 1480 541 1543 iussit.
591 1481 658 1544 Sed
681 1481 787 1562 prima
809 1479 880 1545 lere
903 1482 1015 1564 vigilia
1045 1482 1124 1545 luna
1158 1512 1173 1547 2

70 1603 96 1642 ιο
122 1583 281 1647 deficiens
297 1583 440 1664 primum
456 1583 600 1646 nitorem
624 1584 742 1647 sideris
759 1585 810 1648 sui
827 1585 983 1662 condidit,
1002 1585 1123 1649 deinde

123 1687 295 1770 sanguinis
312 1687 420 1750 colore
437 1685 565 1751 suffuso
582 1688 695 1751 lumen
712 1710 810 1752 omne
831 1689 987 1766 foedavit,
1007 1690 1125 1753 sollici·

122 1790 232 1874 tisque
249 1792 310 1854 sub
328 1791 434 1872 ipsum
453 1792 538 1854 tanti
555 1791 754 1855 discriminis
772 1814 884 1856 casum
910 1793 1030 1877 ingens
1054 1794 1125 1856 reli-

122 1895 177 1977 gio
207 1904 241 1959 et
273 1915 313 1958 ex
343 1915 383 1958 ea
411 1894 555 1958 formido
585 1898 747 1979 quaedam
778 1897 912 1960 incussa
943 1907 1003 1961 est.
1060 1898 1123 1961 Dis
1159 1916 1174 1967 3

123 1998 236 2062 invitis
261 1999 295 2062 in
323 1999 457 2062 ultimas
483 2008 590 2062 terras
617 2001 703 2063 trahi
731 2021 767 2064 se
792 2002 1035 2085 querebantur:
1058 2003 1124 2067 iam

70 2123 97 2164 ιε
123 2123 185 2167 nee
201 2102 338 2166 flumina
353 2123 452 2185 posse
467 2103 559 2166 adiri·
572 2124 634 2167 nec
658 2105 766 2168 sidera
790 2105 969 2187 pristinum
994 2127 1124 2170 servare

122 2207 295 2290 fulgorem,
311 2217 424 2271 vastas
447 2217 562 2284 terraS,
583 2209 716 2272 deserta
740 2210 851 2273 omnia
874 2231 1066 2274 occurrere:
1090 2212 1123 2273 in

122 2311 221 2375 unius
237 2311 379 2374 hominis
396 2311 607 2376 iactationem
630 2321 681 2375 tot
707 2313 833 2375 milium
858 2314 1055 2395 sanguinem
1078 2315 1125 2377 in·

122 2416 242 2498 pendi:
264 2415 399 2479 fastidio
424 2436 499 2480 esse
522 2416 671 2498 patriam,
690 2417 835 2481 abdicari
860 2417 1047 2499 Philippum
1071 2440 1125 2500 pa·

121 2530 217 2596 trem,
234 2520 363 2584 caelum
378 2519 473 2584 vanis
490 2521 749 2604 cogitationibus
767 2531 890 2603 petere.
934 2522 1004 2585 lam
1021 2543 1123 2604 prope
1157 2543 1174 2590 4

70 2647 97 2688 ao
123 2624 320 2689 seditionem
343 2646 396 2689 res
420 2636 499 2702 erat,
525 2647 599 2690 cum
625 2627 666 2689 ad
690 2626 802 2689 omnia
825 2625 997 2689 interritus
1021 2627 1123 2689 duces

121 2729 353 2813 principesque
390 2730 533 2795 militum
572 2725 764 2812 frequentes
803 2731 922 2793 adesse
959 2729 1123 2811 praetorio

124 2833 243 2919 [iubet]
271 2834 526 2920 Aegyptiosque
553 2844 655 2910 vates,
681 2855 764 2917 quos
796 2833 878 2897 caeli
908 2854 947 2897 ac
978 2832 1122 2896 siderum

120 2938 341 3020 peritissimos
359 2961 433 3004 esse
450 2941 614 3015 credebat,
633 2938 712 3022 quid
739 2937 912 3013 sentirent,
931 2956 1123 3018 expromere

122 3042 225 3107 iubet.
279 3044 328 3106 At
359 3045 415 3120 illi,
447 3047 503 3130 qui
534 3044 616 3109 satis
648 3044 772 3108 scirent
807 3051 994 3123 temporum
1025 3041 1122 3104 orbes
1157 3048 1171 3102 5

70 3169 96 3210 ao
122 3147 249 3230 inplere
272 3150 456 3214 destinatas
479 3150 569 3214 vices
592 3150 772 3231 lunamque
798 3146 948 3221 deficere,
967 3166 1041 3208 cum
1065 3154 1122 3207 aut

121 3261 245 3316 terram
262 3254 387 3318 subiret
403 3265 460 3319 aut
477 3255 546 3318 sole
562 3263 778 3336 premeretur,
802 3250 963 3315 rationem
988 3249 1122 3332 quidem

122 3357 203 3439 ipsis
225 3369 417 3441 perceptam
439 3381 506 3423 non
528 3361 669 3423 edocent
691 3357 831 3439 vulgus:
859 3364 1007 3418 ceterum
1030 3352 1123 3415 adfir-
1157 3365 1173 3414 6

122 3472 214 3526 mant
240 3463 343 3527 solem
369 3463 579 3538 Graecorum,
606 3462 718 3525 lunam
744 3480 819 3523 esse
841 3460 1023 3532 Persarum,
1046 3475 1123 3538 quo-

121 3566 277 3650 tiensque
290 3566 345 3630 illa
357 3566 498 3643 deficiat,
512 3566 641 3630 ruinam
654 3576 867 3648 stragemque
883 3561 947 3625 illis
963 3560 1123 3643 gentibus

59 3767 92 3796 '⁰'
106 3754 217 3810 ΜΨ
235 3757 306 3814 Μ”ἶ
311 3761 419 3818 “PM-
451 3778 483 3818 ¹7·
498 3762 655 3815 iactationem,
663 3761 761 3813 uanity.
786 3758 825 3799 ιὶ.
836 3747 992 3799 insubulos
999 3735 1120 3790 obsecrost
1128 3730 1227 3774 essm.

435 3843 470 3886 23·
484 3842 634 3886 expromere,
642 3817 871 3881 briogsortlt,teu.
