2476 4036
501 173 537 252 Q.
567 172 662 238 Curti
681 174 765 257 Rufi

552 495 635 559 CAP.
663 496 706 558 II.

98 695 109 732 ι
173 661 222 726 At
246 663 376 727 Dareus
399 662 553 726 nuntiata
576 662 765 726 Memnonis
788 671 895 726 morte
910 663 999 726 haud
1021 684 1127 740 secus,
1163 676 1182 735 4

128 787 226 851 quam
252 786 311 848 par
336 775 416 841 erat,
441 777 553 829 motus
580 767 703 828 omissa
726 765 816 828 omni
843 767 906 829 alia
931 788 990 850 spe
1012 771 1130 832 statuit

127 873 199 955 ipse
230 871 428 934 decernere:
462 869 584 953 quippe
616 891 699 953 quae
730 891 789 953 per
819 871 920 935 duces
948 893 1025 936 suos
1056 883 1131 938 acta

127 984 232 1052 erant,
250 985 371 1040 cuncta
391 975 580 1052 damnabat,
602 985 692 1038 ratus
716 976 865 1058 pluribus
889 998 1011 1054 curam,
1029 978 1132 1040 omni-

95 1084 190 1156 2bus
217 1081 343 1145 afuisse
373 1080 550 1144 fortunam.
600 1081 708 1163 Igitur
738 1081 856 1144 castris
887 1083 928 1144 ad
961 1083 1131 1167 Babylona
1169 1109 1181 1148 s

127 1186 254 1269 positis,
281 1207 346 1269 quo
370 1185 493 1248 maiore
521 1186 631 1247 animo
659 1195 872 1267 capesserent
903 1186 1036 1261 bellum,
1061 1186 1131 1248 uni-

127 1311 240 1355 versas
256 1290 342 1353 vires
367 1290 400 1352 in
423 1299 639 1372 conspectum
657 1290 748 1353 dedit
766 1299 799 1353 et
816 1290 1018 1354 circumdato
1033 1290 1128 1365 vallo,

128 1396 216 1478 quod
229 1396 343 1459 decern
361 1394 488 1457 milium
504 1404 706 1457 armatorum
723 1395 972 1458 multitudinem
985 1404 1127 1475 caperet,

95 1513 111 1564 3
129 1499 250 1564 Xerxis
275 1498 428 1580 exemplo
451 1519 626 1561 numerum
643 1498 811 1580 copiarum
828 1498 909 1561 iniit.
959 1497 1042 1561 Orto
1060 1497 1129 1560 sole

127 1604 169 1667 ad
200 1612 334 1666 noctem
365 1603 505 1684 agmina,
532 1602 618 1665 sicut
646 1603 805 1684 discripta
835 1611 939 1689 erant,
963 1602 1129 1664 intravere
1156 1632 1181 1670 10

127 1707 260 1771 vallum.
317 1707 400 1770 lnde
431 1707 553 1769 emissa
583 1715 826 1787 occupaverant
866 1705 1129 1788 Mesopotamiae

128 1832 273 1893 campos
292 1811 440 1894 equitum
457 1810 672 1892 peditumque
692 1811 929 1892 propemodum
946 1809 1131 1872 innumera-

128 1915 205 1979 bilis
243 1916 349 1989 turba,
382 1913 539 1976 maiorem
572 1935 671 1996 quam
709 1935 769 1995 pro
807 1934 945 1976 numero
984 1915 1129 1996 speciem

94 2019 250 2082 4ferens
298 2019 470 2080 Persarum
495 2028 590 2079 erant
614 2027 749 2081 centum
770 2017 866 2092 milia,
884 2017 918 2080 in
935 2019 1008 2100 quis
1028 2039 1128 2100 eques

128 2141 200 2185 xxx
229 2120 386 2203 inplebat.
442 2120 534 2183 Medi
562 2121 677 2184 decem
705 2122 862 2202 equitum,
888 2122 1129 2203 quinquaginta
1156 2150 1180 2188 15

95 2226 225 2294 Smilia
247 2225 396 2307 peditum
420 2224 595 2288 habebant.
644 2225 867 2288 Barcanorum
892 2225 1039 2306 equitum
1064 2227 1128 2286 duo

128 2329 218 2392 milia
240 2329 343 2402 fuere,
364 2327 482 2389 armati
505 2327 705 2409 bipennibus
728 2327 921 2409 levibusque
951 2328 1054 2390 scutis
1080 2348 1129 2389 ce-

128 2442 199 2496 trae
228 2431 368 2494 maxime
397 2431 542 2511 speciem
573 2431 808 2494 reddentibus:
840 2431 989 2511 peditum
1013 2431 1128 2492 decem

95 2556 112 2606 ⁶
128 2536 219 2600 milia
235 2534 304 2617 pari
322 2542 452 2597 armatu
469 2535 701 2616 sequebantur.
742 2533 895 2596 Armenii
912 2533 1130 2614 quadraginta

127 2641 224 2705 milia
240 2639 400 2701 miserant
424 2638 574 2719 peditum
597 2637 719 2700 additis
743 2646 872 2718 septem
894 2637 1026 2700 milibus
1043 2637 1130 2718 equi·
1155 2665 1180 2703 ro

126 2755 207 2808 tum.
258 2741 407 2826 Hyrcani
439 2741 647 2823 egregiorum
678 2741 832 2823 equitum,
865 2751 901 2803 ut
933 2741 1020 2803 inter
1058 2740 1128 2803 illas

127 2858 256 2932 gentes,
275 2868 333 2910 sex
357 2845 447 2909 milia
471 2845 683 2928 expleverant
707 2844 827 2907 additis
850 2845 1015 2927 equitibus
1041 2845 1130 2907 mille

95 2979 110 3032 7
127 2952 277 3036 Tapuris.
328 2951 491 3014 Derbices
510 2949 729 3032 quadraginta
751 2949 900 3031 peditum
923 2949 1013 3011 milia
1029 2969 1130 3011 arma-

126 3067 263 3121 verant:
287 3056 438 3138 pluribus
456 3075 531 3118 aere
550 3063 608 3116 aut
629 3054 718 3117 ferro
734 3054 897 3135 praefixae
918 3053 1043 3127 hastae,
1062 3052 1130 3134 qui-

127 3163 202 3225 dam
218 3162 346 3243 lignum
364 3161 434 3243 igni
452 3161 658 3223 duraverant.
707 3158 781 3220 Hos
805 3178 934 3239 quoque
951 3158 1016 3220 duo
1040 3157 1130 3219 milia
1156 3187 1182 3224 25

94 3267 277 3350 sequitum
303 3287 343 3330 ex
365 3268 479 3330 eadem
506 3275 608 3348 gente
633 3263 790 3327 comitata
815 3271 900 3324 sunt.
948 3261 982 3322 A
1007 3261 1129 3342 Caspio

127 3372 209 3434 mari
226 3382 302 3436 octo
320 3372 445 3435 milium
470 3373 625 3454 pedester
648 3369 812 3432 exercitus
828 3375 974 3440 venerat,
993 3365 1129 3428 ducenti

128 3478 264 3558 equites.
315 3477 399 3540 Cum
425 3476 464 3538 iis
488 3485 582 3538 erant
607 3474 771 3556 ignobiles
794 3473 877 3536 aliae
900 3482 1036 3553 gentes:
1064 3471 1146 3536 duo.

119 3582 213 3642 milia
230 3581 396 3660 peditum,
425 3579 574 3663 equitum
599 3578 766 3662 duplicem
796 3587 992 3660 paraverant
1016 3595 1130 3637 nume-

16 3757 41 3791 ³'
60 3753 294 3834 ⁰:⁶⁶⁰m‘setfiffila
302 3771 415 3816 deceatne
422 3773 506 3820 battle.
559 3792 582 3829 4.
598 3777 742 3827 ratus‚irom
757 3789 815 3819 reor.
865 3788 888 3826 q·
904 3779 953 3814 0¹10
966 3764 1101 3816 fflltrswm
1115 3757 1218 3797 ‘'mh‘'

81 3822 105 3850 ⁴³
122 3827 310 3878 wstqfliblss·
357 3850 393 3898 17.
413 3843 615 3894 cerrae‚ashort
627 3843 742 3898 Spanish
754 3840 846 3884 rhield.
888 3851 926 3888 ²4·
939 3826 1176 3886 monumemt-
