2476 4036
115 155 160 234 64
484 153 521 232 Q.
549 151 646 219 curti
664 154 748 239 Rufi

116 337 276 423 Aegypto
291 335 406 402 iuncta
421 346 482 414 est,
494 337 704 421 praepositus
720 336 931 422 Apollonius,
948 338 1119 424 vectigali-

115 441 179 505 bus
209 440 358 504 eiusdem
388 439 528 507 Africae
557 440 774 527 Aegyptique
805 442 1016 509 Cleomenes.
1067 444 1119 509 Ex

115 542 266 608 finitimis
300 544 437 608 urbibus
477 540 693 628 commigrare
730 546 977 610 Alexandream
1016 548 1117 613 iussis

81 658 98 710 6
115 667 235 713 novam
253 647 369 711 urbem
385 648 886 731 magnamultitudineinplevit.
935 651 1040 715 Fama
1053 661 1115 728 est,

115 773 192 817 cum
208 772 266 816 rex
281 752 396 816 orbem
411 751 534 816 futuris
551 752 653 816 muris
676 753 820 835 polenta,
837 763 874 816 ut
892 754 1117 819 Macedonum
1152 770 1163 811 ι

114 877 187 921 mos
202 865 264 932 est,
276 857 490 933 destinasset,
499 856 609 921 avium
621 877 741 940 greges
751 857 924 921 advolasse
934 868 968 921 et
979 858 1117 941 polenta

113 979 190 1024 esse
210 970 347 1044 pastas:
371 980 513 1044 cumque
537 960 571 1024 id
596 980 695 1025 omen
722 981 782 1044 pro
806 961 896 1025 tristi
911 981 931 1024 a
946 961 1117 1045 plerisque

114 1074 205 1129 esset
240 1074 424 1147 acceptum,
456 1064 669 1146 respondisse
697 1073 801 1141 vates,
833 1085 989 1148 magnam
1023 1066 1115 1131 illam

113 1168 230 1232 urbem
253 1169 455 1232 advenarum
486 1168 709 1251 frequentiam
741 1169 914 1246 culturam,
932 1169 1116 1254 multisque

113 1290 187 1335 eam
203 1271 301 1336 terris
316 1271 475 1336 alimenta
489 1271 722 1355 praebituram.
1141 1292 1165 1334 u

81 1393 96 1448 7
157 1376 297 1459 Regem,
316 1395 390 1440 cum
417 1376 564 1440 secundo
587 1375 677 1439 amni
700 1376 872 1452 deflueret,
898 1376 1035 1460 adsequi
1062 1398 1115 1443 cu·
1128 1381 1166 1444 ³4

113 1477 209 1560 piens
235 1480 374 1556 Hector,
393 1478 619 1544 Parmenionis
635 1478 731 1555 filius,
749 1480 868 1543 eximio
884 1482 1004 1544 aetatis
1020 1483 1113 1559 flore,

113 1583 148 1646 in
172 1582 286 1666 paucis
316 1580 510 1647 Alexandro
540 1602 645 1658 carus,
671 1603 808 1666 parvum
839 1584 1008 1667 navigium
1039 1606 1115 1651 con·

113 1687 244 1752 scendit
257 1686 416 1770 pluribus,
433 1707 531 1770 quam
555 1706 674 1768 capere
696 1696 819 1768 posset,
838 1687 1000 1769 inpositis.
1049 1689 1115 1754 Ita·

79 1806 97 1858 8
113 1811 178 1875 que
194 1810 303 1855 mersa
313 1790 406 1853 navis
417 1810 533 1853 omnes
548 1789 712 1855 destituit.
762 1791 900 1867 Hector,
914 1792 971 1855 diu
983 1792 1113 1857 flumini
1140 1814 1167 1856 ιι

113 1895 313 1971 obluctatus,
338 1913 413 1958 cum
436 1895 573 1957 madens
595 1894 701 1957 vestis
724 1903 758 1958 et
788 1894 940 1958 adstricti
970 1896 1114 1979 crepidis

113 1996 216 2082 pedes
232 2007 347 2062 natare
365 1997 589 2080 prohiberent,
605 1997 640 2060 in
656 1998 760 2079 ripam
777 2008 890 2063 tamen
908 1999 1113 2065 semianimis

113 2091 218 2167 evasit
235 2110 279 2179 et,
297 2111 333 2166 ut
349 2101 492 2184 primum
516 2100 678 2184 fatigatus
695 2101 849 2184 spiritum
864 2101 995 2180 laxavit,
1012 2096 1111 2186 quem

114 2190 223 2271 metus
254 2214 289 2270 et
319 2204 505 2288 periculum
536 2204 733 2281 intenderat,
760 2205 852 2269 nullo
881 2207 1114 2273 adiuvante-

113 2309 236 2393 quippe
257 2308 292 2372 in
310 2308 477 2372 diversum
503 2318 678 2372 evaserant
702 2308 1027 2374 alii—exanimatus
1047 2320 1109 2376 est.
1138 2335 1166 2376 ιι

78 2425 96 2476 9
113 2413 243 2478 Amissi
259 2412 330 2477 eius
347 2411 510 2476 desiderio
525 2412 742 2476 vehementer
760 2412 918 2483 adflictus
934 2423 987 2478 est
1003 2433 1113 2498 reper-

111 2525 251 2601 tumque
267 2536 387 2598 corpus
403 2516 581 2598 magnifico
597 2515 714 2580 extulit
731 2514 856 2581 funere.

64 2642 96 2681 ιο
156 2619 320 2685 Oneravit
340 2619 429 2683 hunc
448 2619 595 2683 dolorem
620 2614 764 2682 nuntius‘
783 2620 900 2683 mortis
924 2620 1113 2687 Androma-

112 2724 175 2800 chi,
193 2744 293 2808 quem
310 2723 515 2807 praefecerat
541 2721 678 2807 Syriae:
701 2722 812 2809 viuum
838 2723 1023 2790 Samaritae
1045 2746 1113 2791 cre·

111 2836 290 2893 maverant.
338 2827 396 2890 Ad
412 2826 506 2891 cuius
529 2826 702 2890 interitum
723 2825 968 2904 vindicandum,
986 2838 1112 2912 quanta
1137 2854 1164 2895 ιι

110 2931 252 2997 maxime
262 2929 432 2995 celeritate
441 2929 559 3011 potuit,
571 2930 753 3006 contendit,
765 2931 1022 3015 advenientique
1032 2942 1111 2998 sunt

62 3058 89 3097 ιι
110 3035 222 3099 traditi
242 3033 329 3099 tanti
352 3033 488 3098 sceleris
510 3043 672 3098 auctores.
729 3033 968 3099 Andromacho
990 3036 1112 3101 deinde

110 3128 258 3204 Menona
281 3138 454 3203 substituit
478 3136 686 3220 adiectisque
711 3138 881 3219 supplicio,
904 3139 961 3222 qui
982 3150 1112 3222 praeto·

42 3296 45 3301 ,
109 3262 179 3307 rem
192 3243 438 3319 interemerant,
451 3240 755 3327 tyrannos—inter
764 3263 847 3325 quos
860 3243 1112 3327 Methymnaeo·

109 3367 182 3412 rum
203 3346 434 3411 Aristonicum
459 3357 493 3410 et
517 3344 1016 3431 chrysolaum—popularibus
1040 3348 1111 3414 suis
1136 3374 1165 3415 ιι

108 3449 243 3515 tradidit
258 3471 266 3516 :
288 3471 372 3534 quos
389 3450 437 3514 illi
452 3451 495 3514 ob
510 3449 646 3514 iniurias
661 3459 768 3515 tortos
784 3460 996 3516 necaverunt.

55 3573 92 3613 n
147 3551 414 3620 Atheniensium
440 3553 569 3631 deinde,
588 3553 795 3618 Rhodiorum
822 3564 856 3619 et
882 3553 1043 3620 Chiorum
1067 3555 1113 3622 le·

117 3803 375 3868 'nbmdnnnia
386 3830 415 3862 ιι
428 3782 665 3863 uson'uneeeued
679 3810 785 3868 mm·
825 3819 863 3860 η·

97 3866 473 3928 'munchusen
