2476 4036
137 171 190 233 =26
517 169 554 249 Q.
583 169 679 236 carta
699 171 783 254 Rufi

145 353 233 419 Tum
250 375 328 418 vero
344 355 460 419 similis
484 354 598 419 ruinae
622 363 752 437 strages
775 363 855 419 erat.
903 353 1001 419 Circa
1016 374 1152 424 currum

145 458 248 523 Darei
276 458 429 523 iacebant
456 458 653 522 nobilissimi
677 459 788 534 duces,
813 467 892 521 ante
920 457 1034 521 oculos
1061 458 1152 539 regis

145 562 281 645 egregia
308 573 414 626 morte
441 561 600 637 defuncti,
629 583 745 625 omnes
773 562 808 624 in
838 581 896 625 ora
928 561 1033 644 proni,
1063 560 1151 625 sicut

145 666 343 731 dimicantes
367 668 622 749 procubuerant,
640 668 779 729 adverso
803 685 940 748 corpore
956 664 1151 729 vulneribus

99 795 129 831 ro
145 771 300 853 acceptis.
346 771 440 834 Inter
455 772 516 834 hos
533 770 673 856 Atizyes
691 780 724 833 et
743 771 981 834 Rheomithres
998 780 1032 834 et
1049 769 1151 834 Saba·
1188 787 1201 827 ⁵

145 894 212 950 ces,
223 884 357 956 praetor
368 874 528 959 Aegypti,
540 894 738 956 magnorum
754 875 958 938 exercituum
975 872 1148 955 praefecti,

144 979 415 1042 noscitabantur:
435 980 522 1042 circa
533 998 592 1042 eos
605 979 772 1042 cumulata
787 988 882 1042 erant
898 978 1047 1059 peditum
1061 978 1150 1060 equi-

144 1092 283 1165 tumque
313 1083 485 1146 obscurior
514 1083 621 1146 turba.
668 1084 889 1145 Macedonum
918 1101 1049 1164 quoque
1080 1102 1148 1144 non

144 1186 279 1268 quidem
302 1185 407 1261 multi,
434 1187 494 1249 sed
516 1186 757 1268 promptissimi
787 1196 901 1248 tamen
924 1185 1016 1254 ,caesi
1048 1196 1149 1248 sunt:

145 1289 234 1353 inter
249 1309 331 1372 quos
348 1287 531 1353 Alexandri
544 1291 700 1353 dextrum
716 1290 826 1354 femur
848 1290 966 1353 leviter
989 1309 1148 1353 mucrone
1175 1308 1201 1347 1o

97 1418 125 1454 ιι
145 1393 361 1474 perstrictum
377 1404 438 1457 est.
486 1394 623 1476 Iamque
639 1394 695 1476 qui
711 1394 857 1457 Dareum
875 1394 1043 1457 vehebant
1059 1393 1145 1476 equi,

145 1497 293 1561 confossi
316 1496 422 1560 hastis
445 1506 480 1560 et
503 1497 616 1560 dolore
643 1498 774 1560 efferati
805 1497 919 1579 iugum
943 1508 1081 1579 quatere
1111 1506 1147 1564 et

145 1621 259 1683 regem
276 1621 372 1664 curru
389 1613 544 1664 excutere
561 1611 759 1682 coeperant:
782 1622 857 1665 cum
880 1601 935 1666 ille
950 1601 1085 1678 veritus,
1104 1621 1148 1665 ne

144 1705 239 1767 vivus
264 1704 393 1767 veniret
424 1703 458 1766 in
488 1704 634 1767 hostium
664 1714 876 1786 potestatem,
904 1705 1016 1769 desilit
1047 1714 1081 1769 et
1111 1705 1146 1768 in

145 1828 276 1891 equum,
294 1807 350 1890 qui
365 1808 407 1871 ad
423 1808 486 1871 hoc
502 1808 610 1890 ipsum
628 1810 837 1890 sequebatur,
855 1808 1026 1890 inponitur
1047 1808 1148 1892 insig-
1174 1828 1200 1867 rs

145 1911 244 1975 nibus
267 1931 399 2002 quoque
421 1911 560 1993 imperii,
583 1932 625 1975 ne
648 1911 763 1994 fugam
786 1913 974 1994 proderent,
992 1912 1147 1977 indecore

98 2040 128 2077 12
145 2015 294 2079 abiectis.
341 2016 429 2078 Tum
451 2035 530 2077 vero
553 2015 655 2078 ceteri
678 2015 884 2098 dissipantur
906 2026 998 2080 metu
1021 2026 1064 2092 et,
1082 2038 1148 2099 qua

145 2118 265 2202 cuique
276 2119 318 2183 ad
329 2120 443 2201 fugam
456 2121 592 2200 patebat
604 2119 667 2195 via,
679 2129 857 2202 erumpunt
869 2141 961 2183 arma
974 2119 1145 2196 iacientes,

145 2243 230 2306 quae
255 2223 354 2305 paulo
380 2232 459 2286 ante
483 2224 526 2285 ad
551 2223 691 2286 tutelam
716 2244 890 2305 corporum
916 2234 1147 2306 sumpserant:

99 2347 129 2398 ¹3
145 2328 229 2391 adeo
246 2348 349 2409 pavor
367 2326 465 2390 etiam
486 2327 607 2390 auxilia
629 2327 794 2391 formidat.
843 2327 996 2391 Instabat
1019 2328 1147 2411 fugien-
1172 2347 1200 2387 ro

145 2431 236 2495 tibus
259 2451 362 2514 eques
385 2451 405 2494 a
429 2431 646 2494 Parmenione
669 2431 819 2507 emissus
840 2441 874 2495 et
897 2431 985 2495 forte
1008 2432 1042 2494 in
1065 2432 1147 2496 illud

147 2555 249 2599 comu
272 2555 388 2597 omnes
410 2536 493 2616 fuga
514 2535 706 2599 abstulerat.
754 2535 803 2599 At
828 2534 861 2597 in
886 2536 1002 2599 dextro
1027 2537 1147 2600 Persae

99 2657 130 2706 ¹4
146 2638 328 2703 Thessalos
366 2639 497 2721 equites
527 2639 746 2702 vehementer
775 2641 948 2721 urgebant.
1009 2640 1147 2722 Iamque

146 2763 213 2806 una
237 2743 291 2806 ala
316 2743 389 2824 ipso
416 2743 532 2824 inpetu
558 2743 749 2824 proculcata
773 2753 863 2806 erat:
894 2764 971 2806 cum
995 2743 1148 2807 Thessali

146 2857 283 2910 strenue
306 2846 516 2909 circumactis
539 2846 633 2928 equis
649 2846 766 2928 dilapsi
789 2868 902 2910 rursus
927 2847 962 2910 in
985 2848 1146 2929 proelium
1173 2867 1200 2908 aa

147 2951 287 3013 redeunt
311 2970 510 3033 sparsosque
534 2959 567 3013 et
590 2950 818 3033 inconpositos
842 2951 1003 3015 victoriae
1028 2951 1149 3014 fiducia

99 3072 128 3126 ¹5
146 3055 303 3119 barbaros
334 3054 465 3136 ingenti
495 3055 595 3118 caede
625 3064 849 3136 prosternunt.
907 3055 994 3139 Equi
1024 3055 1148 3138 pariter

146 3158 343 3240 equitesque
356 3158 539 3232 Persarum,
551 3159 637 3221 serie
653 3158 835 3222 lamnarum
852 3180 980 3242 graves,
995 3159 1028 3222 id
1040 3179 1148 3242 genus

146 3281 290 3344 pugnae,
307 3262 395 3344 quod
414 3262 584 3325 celeritate
607 3263 748 3326 maxime
764 3272 905 3339 constat,
923 3283 1022 3346 aegre
1038 3263 1149 3326 molie-

147 3366 285 3429 bantur:
301 3365 467 3448 quippein
478 3366 740 3448 circumagendis
749 3366 843 3449 equis
854 3366 924 3431 suis
933 3388 986 3431 eos
995 3366 1148 3431 Thessali
1175 3391 1201 3430 so

148 3469 245 3533 inulti
261 3479 512 3551 occupaverant.

95 3585 131 3631 lb
188 3575 269 3636 Hac
286 3583 354 3636 tam
371 3594 535 3656 prospera
555 3594 671 3658 pugna
692 3573 848 3638 nuntiata
864 3573 1066 3650 Alexander,
1079 3595 1151 3636 non
1163 3580 1203 3640 28

49 3754 441 3811 *stmulmdmddmdowm
478 3771 516 3814 28.
530 3770 672 3824 lamnarum,
684 3771 761 3814 metat
765 3770 856 3823 pratas.
896 3752 1220 3820 31.iuult'r‚uni¹”²5⁸¹²“¹s*·

558 3838 671 3881 without
681 3838 739 3881 loss.
