2476 4036
137 153 181 216 66
277 181 279 185 ⁴
507 150 543 228 Q.
572 151 667 214 Curti
685 152 769 233 Rufi

138 345 322 400 ceterarum
338 333 489 418 gentium
513 332 627 414 copiae
649 332 801 414 partibus
825 333 926 415 simul
946 333 1137 399 adfuerunt.

106 439 297 507 3Ceterum
317 459 392 501 cum
420 436 556 499 dimidio
580 436 686 498 ferme
712 435 817 497 maior
842 445 933 498 esset
948 438 1138 515 exercitus,

137 521 236 627 quam
267 541 301 604 in
332 540 450 605 Cilicia
479 540 596 613 tuerat,
623 539 735 602 multis
767 559 857 601 arma
887 539 1034 623 deerant,
1054 562 1140 623 quae

138 666 268 711 summa
305 665 383 709 cura
413 644 693 730 'conparabantun
758 643 937 724 Equitibus
978 644 1140 728 equisque

136 759 333 834 tegumenta
356 757 450 812 erant
475 769 516 811 ex
541 747 656 811 ferreis
684 747 850 810 lamminis
877 748 963 812 serie
987 749 1078 812 inter
1102 773 1139 816 se
1168 773 1182 810 »ι

138 854 291 919 conexis:
306 853 379 935 quis
394 862 495 916 antea
509 862 642 934 praeter
657 852 763 915 iacula
778 851 861 915 nihil
878 854 1024 932 dederat,
1044 867 1140 921 scuta

104 985 122 1032 4
138 958 305 1043 gladiique
323 956 571 1024 adiciebantur:
595 976 821 1040 equorumque
837 959 994 1022 domandi
1018 966 1139 1044 greges

137 1063 305 1146 peditibus
321 1061 489 1125 distributi
506 1072 594 1137 sunt,
612 1070 648 1124 ut
665 1061 769 1124 maior
785 1062 926 1143 pristino
944 1074 1034 1127 esset
1051 1065 1140 1148 equi-

137 1178 248 1233 tatus:
286 1168 480 1251 ingensque,
521 1177 557 1229 ut
595 1166 790 1241 crediderat,
833 1167 981 1231 hostium
1021 1178 1136 1245 terror,

137 1274 301 1336 ducentae
315 1272 457 1336 falcatae
472 1271 660 1353 quadrigae,
678 1270 811 1333 unicum
832 1270 960 1335 illarum
972 1272 1136 1354 ,gentium
1163 1293 1182 1332 1<

105 1376 303 1452 Sauxilium,
329 1385 464 1440 secutae
490 1384 577 1440 sunt.
627 1375 679 1438 Ex
703 1395 834 1438 summo
858 1385 993 1441 temone
1021 1376 1138 1451 hastae

137 1481 301 1561 praefixae
331 1480 418 1543 ferro
449 1478 650 1554 eminebant,
667 1478 834 1562 utrimque
865 1499 884 1541 a
915 1479 994 1562 iugo
1024 1489 1139 1544 ternos

138 1584 325 1647 direxerant
340 1583 476 1666 gladios,
495 1583 582 1646 inter
598 1583 706 1646 radios
723 1591 868 1646 rotarum
893 1584 988 1665 plura
1014 1585 1142 1666 spicula

138 1687 328 1774 eminebant
345 1686 380 1750 in
395 1688 579 1763 adversum,
593 1686 676 1751 aliae
691 1687 811 1750 deinde
822 1686 926 1751 falces
939 1688 1140 1752 summissae

137 1801 285 1854 rotarum
295 1791 430 1854 orbibus
440 1791 621 1855 haerebant
634 1800 668 1854 et
681 1791 762 1855 aliae
775 1790 809 1853 in
823 1800 945 1863 terram
964 1791 1139 1868 demissae,
1167 1816 1182 1855 n

139 1895 300 1978 quidquid
308 1895 441 1958 obvium
452 1895 627 1959 concitatis
640 1895 733 1978 equis
749 1891 879 1970 fuisset,
896 1905 1139 1977 amputaturae.

106 2010 122 2059 6
141 1999 216 2063 Hoc
232 1999 329 2062 modo
348 1998 513 2063 instructo
535 1999 681 2063 exercitu
697 2019 736 2063 ac
754 2009 942 2080 perarmato
969 2000 1140 2084 Babylone
1155 2005 1182 2064 3t

139 2101 250 2183 copias
281 2102 394 2182 movit.
441 2100 476 2164 A
506 2112 600 2183 parte
631 2103 746 2165 dextra
777 2112 847 2165 erat
878 2103 1000 2186 Tigris,
1019 2102 1140 2166 nobilis

139 2206 267 2281 fluvius,
293 2206 421 2268 laevam
447 2206 583 2287 tegebat
610 2206 809 2287 Euphrates,
838 2227 959 2288 agmen
988 2209 1141 2292 Mesopo·

107 2308 259 2373 7tamiae
289 2329 423 2390 campos
446 2308 638 2390 inpleverat.
700 2311 793 2391 Tigri
825 2311 946 2374 deinde
972 2323 1139 2394 superato,
1166 2332 1182 2370 a

139 2434 213 2476 cum
227 2412 375 2476 audisset
391 2413 479 2475 haud
494 2413 608 2494 procul
624 2414 742 2476 abesse
765 2414 906 2489 hostem,
927 2415 1139 2498 Satropaten,

139 2516 289 2598 equitum
319 2516 535 2597 praefectum,
560 2537 635 2579 cum
666 2517 756 2581 mille
783 2518 925 2597 delectis
950 2521 1137 2601 praemisit.

140 2621 276 2690 Mazaeo
289 2619 433 2701 praetori
447 2640 505 2682 sex
521 2619 610 2682 milia
621 2621 707 2696 data,
719 2621 839 2704 quibus
851 2623 983 2685 hostem
996 2624 1140 2688 transitu

106 2725 245 2805 Samnis
262 2734 408 2788 arceret:
431 2723 539 2786 eidem
559 2725 762 2802 mandatum,
780 2735 816 2788 ut
841 2725 1021 2807 regionem,
1040 2748 1140 2811 quam

139 2828 332 2891 Alexander
354 2836 443 2890 esset
466 2827 624 2903 aditurus,
647 2828 862 2909 popularetur
885 2840 985 2912 atque
1010 2842 1140 2903 ureret:
1166 2851 1182 2892 a

139 2932 261 3014 quippe
277 2931 432 3008 credebat
443 2930 554 3012 inopia
564 2932 720 2994 debellari
734 2952 833 3014 posse
848 2933 929 2996 nihil
948 2934 1138 3012 habentem,

139 3036 202 3098 nisi
218 3035 306 3118 quod
322 3035 480 3116 rapiendo
497 3045 711 3117 occupasset:
729 3037 791 3118 ipsi
809 3047 920 3100 autem
933 3049 1139 3108 commeatus

105 3140 194 3225 9alii
213 3149 309 3213 terra,
327 3138 381 3200 alii
404 3138 497 3221 Tigri
520 3159 618 3202 amne
642 3141 921 3206 subvehebantur.
973 3143 1044 3205 Iam
1070 3164 1142 3225 per·

138 3252 273 3306 venerat
297 3243 424 3306 Arbela
446 3244 564 3319 vicum,
589 3245 732 3307 nobilem
759 3267 825 3322 sua
854 3247 948 3311 clade
978 3246 1138 3319 facturus.

140 3346 207 3417 Hic
223 3359 467 3411 commeatuum
487 3348 755 3431 sarcinarumque
777 3350 909 3423 maiore·
925 3361 1018 3433 parte
1042 3352 1141 3434 depo·
1166 3375 1182 3414 a

139 3452 203 3535 sita
222 3452 349 3536 Lycum
369 3471 501 3525 amnem
521 3462 623 3533 ponte
644 3453 752 3529 iunxit
770 3464 803 3527 et
823 3475 882 3535 per
899 3455 970 3518 dies
993 3455 1140 3538 quinque

78 3575 114 3609 10
129 3555 222 3618 sicut
235 3564 318 3619 ante
334 3555 533 3639 Euphraten
549 3555 684 3635 traiecit·
704 3556 894 3632 exercitum.
944 3558 1027 3622 lnde
1051 3569 1141 3624 octo-

57 3736 305 3810 ibw‘m’smlqm,
349 3767 385 3797 ιο.
399 3753 507 3806 falcatae,
518 3726 628 3807 sc'ytked,
661 3767 696 3794 rr.
711 3748 873 3798 tmanatala.
908 3743 1182 3795 13.sp'icula,sharfsptt

279 3805 284 3812 ι
327 3835 330 3839 ’
384 3833 418 3872 1⁴·
435 3818 586 3877 Summi-w,
592 3817 683 3874 placed
690 3815 803 3869 pointing
812 3806 925 3861 Μανᾶ-
