2476 4036
325 167 553 231 Historiarum
576 166 763 230 Alexandri
782 167 847 242 III,
873 181 901 248 7.
1077 182 1115 249 17

115 372 312 436 progressus
329 351 524 429 deturbatis,
541 351 597 434 qui
621 351 778 414 interiora
800 351 964 414 montium
987 352 1117 415 obside-

116 459 207 534 bant,
229 456 401 539 praesidiis
425 466 546 520 cuncta
569 455 710 518 firmavit
734 465 962 538 occupatoque
985 455 1113 532 itinere,

116 562 203 626 sicut
218 563 316 644 paulo
331 561 548 624 antedictum
565 572 625 635 est,
643 560 729 623 idem
746 568 780 622 et
796 569 912 623 auctor
927 570 961 622 et
977 560 1115 624 nuntius

115 667 216 730 venit.
265 667 360 730 Isson
379 666 498 729 deinde
514 685 571 727 rex
587 664 699 745 copias
715 664 881 728 admovit:
904 664 961 726 ubi
977 665 1115 728 consilio
1150 676 1166 726 8

76 793 90 832 s
116 770 239 846 habito,
271 780 429 833 utrumne
460 771 545 832 ultra
575 761 836 850 progediendum
867 768 963 844 foret,
996 789 1037 831 an
1070 770 1116 834 ibi

116 874 309 957 opperiendi
336 883 449 938 essent
474 873 551 936 novi
581 873 714 948 milites,
740 894 823 956 quos
850 893 890 936 ex
918 874 1116 937 Macedonia

116 979 296 1042 adventare
312 979 496 1053 constabat,
511 977 685 1040 Parmenio
700 998 768 1040 non
784 978 884 1041 alium
900 979 1008 1042 locum
1025 999 1117 1060 proe-

115 1082 161 1145 lio
183 1083 345 1165 aptiorem
369 1103 444 1146 esse
469 1083 634 1146 censebat.
689 1082 821 1164 Quippe
848 1082 915 1146 illic
942 1083 1115 1165 utriusque
1150 1101 1166 1150 9
1224 1097 1227 1108 '

117 1187 205 1270 regis
232 1187 344 1269 copias
374 1181 512 1250 nume'ro
542 1186 672 1249 futuras
703 1207 809 1268 pares,
835 1207 910 1249 cum
941 1189 1116 1270 angustiae

65 1314 91 1354 1o
116 1291 365 1354 multitudinem
395 1311 463 1353 non
494 1300 659 1371 caperent.
714 1290 889 1354 Planitiem
920 1293 1001 1373 ipsis
1032 1313 1117 1355 carn-

117 1415 244 1479 posque
266 1415 341 1458 esse
357 1394 520 1468 vitandos,
538 1394 594 1457 ubi
611 1394 785 1469 circumiri,
804 1395 861 1458 ubi
884 1396 1021 1478 ancipiti
1046 1397 1116 1458 acie

117 1498 258 1580 opprimi
274 1509 434 1580 possent:
456 1498 583 1573 timere,
602 1519 643 1560 ne
660 1520 726 1560 non
742 1498 867 1562 virtute
884 1500 1038 1573 hostium,
1057 1500 1116 1563 sed

116 1602 313 1666 lassitudine
329 1623 388 1666 sua
403 1602 636 1665 vincerentur:
660 1603 776 1665 Persas
800 1613 952 1666 recentes
976 1604 1117 1668 subinde

117 1727 339 1782 successuros
358 1706 386 1770 si
410 1706 514 1769 laxius
538 1715 626 1769 stare
648 1707 846 1788 potuissent.
896 1691 1009 1771 Facile
1033 1708 1116 1771 ratio
1137 1732 1167 1767 10

65 1836 91 1876 15
118 1822 187 1875 tam
204 1811 344 1874 salubris
362 1810 489 1874 consilii
505 1820 643 1892 accepta
658 1820 717 1874 est.
763 1811 878 1893 Itaque
896 1812 984 1875 inter
999 1833 1118 1894 angus-

118 1915 182 1978 tias
199 1915 303 1978 saltus
320 1915 452 1976 hostem
469 1914 612 1995 opperiri
628 1914 758 1976 statuit.

67 2019 104 2080 18
164 2021 247 2088 Erat
268 2018 302 2080 in
326 2018 472 2080 exercitu
496 2017 584 2100 regis
609 2017 746 2081 Sisenes
765 2018 889 2082 Perses.
938 2019 1117 2101 Quondam
1138 2045 1165 2080 11

118 2145 137 2186 a
154 2132 307 2205 praetore
324 2121 474 2206 Aegypti
497 2121 619 2184 missus
638 2122 678 2183 ad
704 2121 891 2202 Philippum
907 2123 1067 2205 donisque
1084 2133 1118 2186 et

117 2227 209 2290 omni
232 2227 358 2289 honore
383 2225 491 2289 cultus
515 2225 648 2288 exilium
674 2225 781 2307 patria
807 2227 886 2289 sede
912 2237 1118 2292 mutaverat:

65 2351 92 2391 m
118 2342 253 2396 secutus
280 2329 400 2393 deinde
427 2329 461 2392 in
487 2329 606 2392 Asiam
634 2328 863 2392 Alexandrum
891 2331 979 2393 inter
1004 2332 1118 2394 fideles

118 2436 225 2500 socios
255 2435 449 2498 habebatur.
497 2433 587 2496 Huic
617 2433 793 2514 epistolam
821 2433 992 2497 Cretensis
1023 2435 1119 2499 miles
1139 2461 1169 2497 12

117 2539 328 2622 obsignatam
359 2538 467 2613 anulo,
496 2537 590 2600 cuius
617 2537 751 2621 signum
776 2539 863 2601 haud
895 2559 974 2601 sane
1002 2548 1118 2602 notum

118 2652 200 2718 erat,
232 2641 375 2706 tradidit.
424 2642 646 2727 Nabarzanes,
678 2650 811 2723 praetor
842 2642 951 2717 Darei,
983 2642 1119 2706 miserat

118 2767 193 2809 eam
208 2746 467 2826 hortabaturque
484 2744 648 2820 Sisenem,
663 2754 699 2808 ut
716 2745 853 2827 dignum
870 2745 989 2827 aliquid
1006 2746 1121 2810 nobili·

65 2867 92 2909 τε»
119 2859 189 2913 tate
208 2858 310 2930 atque
332 2832 511 2912 maioribus
535 2849 604 2912 suis
625 2850 760 2912 ederet:
783 2870 903 2931 magno
922 2850 955 2912 id
978 2849 1008 2911 ei
1032 2852 1120 2932 apud

119 2973 231 3034 regem
255 2952 372 3014 honori
394 2952 474 3015 fore.
524 2953 597 3016 Has
620 2953 749 3016 litteras
774 2953 918 3027 Sisenes
937 2962 1053 3034 utpote
1075 2954 1120 3015 in·
1141 2976 1170 3025 ¹3

119 3056 245 3131 noxius,
263 3056 305 3118 ad
328 3055 557 3120 Alexandrum
581 3077 680 3138 saepe
703 3057 832 3120 deferre
855 3058 1040 3138 temptavit,
1061 3058 1120 3120 sed

119 3181 194 3224 cum
207 3169 258 3223 tot
271 3159 357 3223 curis
373 3150 599 3242 apparatuque
616 3161 693 3223 belli
709 3181 822 3242 regem
834 3161 959 3224 videret
977 3162 1118 3244 urgueri,

118 3263 229 3346 aptius
256 3263 397 3327 subinde
424 3274 556 3345 tempus
584 3274 764 3346 expectans
795 3266 1018 3347 suspicionem
1045 3266 1121 3329 initi

66 3391 93 3432 so
119 3369 254 3433 scelesti
285 3368 416 3433 consilii
445 3369 605 3451 praebuit.
654 3370 807 3451 Namque
838 3371 987 3452 epistola,
1019 3371 1122 3452 prius·
1142 3392 1172 3440 14

119 3492 218 3555 quam
242 3472 272 3536 ei
296 3458 497 3549 redderetur,
515 3472 548 3535 in
570 3493 689 3536 manus
706 3473 889 3537 Alexandri
913 3485 1119 3558 pervenerat,

118 3576 306 3660 lectamque
322 3598 394 3641 eam
413 3577 474 3664 [et]
491 3577 598 3663 ignoti
614 3578 705 3642 anuli
720 3579 829 3663 sig‘llo
845 3578 997 3661 inpresso
1011 3580 1128 3641 Siseni

812 3786 851 3824 xq-
863 3765 962 3810 sistrum
977 3788 985 3799 .
1000 3785 1007 3796 =
1022 3742 1231 3795 mmmmm

95 3777 128 3816 ¹³·
142 3764 244 3819 subinde,
254 3773 402 3828 repeatedly.
454 3778 488 3820 18.
502 3786 622 3831 praetore,
631 3789 765 3832 governor·
902 3831 933 3871 ke
948 3837 984 3866 w
997 3813 1113 3858 {went
1124 3812 1186 3842 Μ*
1195 3805 1224 3832 ⁰³

37 3824 233 3928 arama*
241 3837 540 3896 ”⁰1²ittlandfhrexs‘le,
598 3846 636 3888 αὑ.
651 3833 901 3896 urmtemsimsat
