2460 4020
133 217 151 262 2
396 288 399 293 Δ
502 197 538 276 Q.
568 197 664 262 Curti
685 200 768 282 Rufi

132 395 167 448 et
197 404 297 466 opere
327 382 468 446 multum
499 383 622 447 editam
654 384 861 465 perductum,
886 395 1011 468 quanta
1040 397 1132 453 esset

132 489 282 565 altitudo,
306 488 428 552 intueri
459 487 575 550 iubent
599 508 637 551 ac
660 488 815 552 nuntiare
838 487 1040 567 Alexandm,
1064 515 1132 558 non

132 597 248 660 eadem
264 596 373 678 ipsum
389 605 422 658 et
445 591 570 656 incolas
593 593 825 658 aestimatione
845 595 1053 661 munimenta
1068 619 1134 662 me·

132 700 207 765 tiri:
231 721 267 764 se
283 701 367 764 scire
382 699 657 783 inexpugnabiles
674 720 758 776 esse,
773 701 814 763 ad
830 701 983 766 ultimum
996 725 1055 786 pro
1067 705 1132 767 fide

99 809 116 859 8
133 805 319 869 morituros.
367 804 526 869 Ceterum
543 814 579 868 ut
596 805 821 869 circumsideri
837 826 948 870 arcem
964 816 998 871 et
1021 807 1132 871 omnia
1170 828 1182 867 s

133 908 197 972 sibi
212 908 247 971 in
263 909 334 972 dies
349 909 471 972 artiora
486 930 561 973 esse
576 909 741 986 viderunt,
756 911 928 993 sexaginta
943 911 1070 975 dierum
1086 912 1133 974 in·
1158 961 1160 965 ,

124 1012 248 1075 ducias
264 1013 361 1094 pacti,
378 1022 425 1088 ut,
442 1013 507 1076 nisi
530 1013 618 1077 intra
641 1034 699 1077 eos
722 1014 880 1078 auxilium
898 1016 1029 1080 Dareus
1052 1016 1140 1098 ipsis·

134 1115 290 1192 misisset,
301 1118 459 1181 dederent
470 1118 595 1193 urbem,
607 1127 785 1201 postquam
796 1118 878 1181 nihil
890 1118 968 1182 inde
979 1119 1134 1202 praesidii

135 1219 339 1297 mittebatur,
356 1221 398 1283 ad
412 1222 645 1303 praestitutam
663 1221 750 1285 diem
766 1205 946 1304 permisere
963 1244 1000 1287 se
1015 1224 1098 1306 regi.

100 1338 117 1387 9
180 1324 425 1406 Superveniunt
441 1325 562 1389 deinde
577 1326 679 1408 legati
691 1325 951 1390 Atheniensium
967 1337 1132 1409 petentes
1160 1348 1186 1388 ro

136 1437 172 1491 ut
200 1429 289 1511 capti
319 1430 405 1510 apud
437 1429 617 1493 Granicum
648 1450 781 1493 amnem
812 1432 1030 1494 redderentur
1060 1431 1133 1496 sibi.

136 1532 197 1596 Ille
213 1553 280 1595 non
297 1533 358 1595 hos
375 1534 481 1609 modo,
499 1534 675 1597 sedetiam
693 1543 821 1597 ceteros
839 1534 985 1599 Graecos
1002 1535 1134 1599 restitui

87 1661 118 1698 ιο
136 1637 205 1700 suis
222 1636 389 1700 iussurum
406 1637 576 1719 respondit
592 1637 687 1700 finito
701 1637 832 1702 Persico
849 1638 945 1702 bello.
976 1638 1134 1703 Ceterum

136 1742 246 1804 Dareo
262 1741 451 1819 imminens,
464 1761 563 1824 quern
579 1743 728 1805 nondum
745 1742 942 1824 Euphraten
958 1762 1133 1824 superasse

135 1853 346 1935 cognoverat,
375 1844 520 1928 undique
551 1865 668 1908 omnes
701 1845 812 1927 copias
846 1845 1021 1922 contrahit,
1052 1846 1133 1909 totis
1160 1860 1185 1906 15

133 1949 259 2013 viribus
274 1948 362 2011 tanti
380 1948 457 2012 belli
472 1949 651 2013 discrimen
668 1949 826 2014 aditurus.

87 2068 114 2105 11
180 2053 323 2138 Phrygia
345 2062 424 2128 erat,
444 2073 503 2134 per
523 2074 622 2136 quarn
638 2054 822 2117 ducebatur
842 2053 1014 2130 exercitus
1037 2053 1134 2136 pluri·
1167 2056 1185 2116 2

87 2178 118 2215 12
136 2158 198 2222 bus
228 2157 310 2220 vicis
341 2177 439 2240 quarn
469 2157 606 2221 urbibus
638 2157 804 2241 frequens.
858 2157 956 2220 Tunc
991 2157 1135 2220 habebat

137 2261 282 2325 nobilem
309 2262 475 2344 quondam
502 2261 613 2325 Midae
644 2261 777 2344 regiam.
825 2260 984 2323 Gordium
1012 2280 1135 2323 nomen

138 2376 191 2430 est
214 2365 296 2440 urbi,
314 2385 412 2447 quam
432 2365 614 2448 Sangarius
636 2366 743 2429 amnis
765 2363 978 2448 praeterfluit,
996 2363 1066 2446 pari
1089 2364 1136 2427 in·
1161 2387 1187 2426 ao

88 2488 118 2538 13
137 2469 274 2533 tervallo
308 2468 446 2532 Pontico
477 2478 511 2531 et
542 2468 658 2533 Cilicio
692 2469 774 2533 mari
804 2467 993 2532 distantem.
1042 2458 1152 2558 Inter

136 2575 219 2637 haec
242 2573 345 2636 maria
368 2572 644 2655 angustissimum
668 2573 773 2636 Asiae
796 2572 939 2654 spatium
963 2592 1039 2636 esse
1062 2593 1138 2636 con-

135 2678 290 2760 perimus,
309 2686 449 2760 utroque
472 2676 504 2739 in
530 2687 618 2739 artas
640 2675 754 2741 fauces
778 2676 987 2758 conpellente
1002 2685 1134 2741 terram.

137 2783 232 2865 Quae
255 2781 332 2865 quia
354 2779 539 2844 continenti
562 2780 730 2856 adhaeret,
754 2781 813 2843 sed
835 2800 956 2863 magna
979 2800 1019 2843 ex
1041 2790 1137 2862 parte

137 2886 283 2968 cingitur
312 2885 478 2960 fluctibus
504 2884 649 2966 speciem
677 2884 804 2947 insulae
830 2885 967 2965 praebet
994 2905 1042 2959 ac,
1070 2883 1136 2946 nisi
1162 2908 1187 2947 25

135 3000 238 3053 tenue
262 2989 440 3053 discrimen
465 2989 623 3065 obiceret,
647 3008 732 3070 quae
759 3008 849 3051 nunc
876 2987 992 3050 dividit
1022 2987 1134 3063 maria,

89 3114 119 3163 14
137 3093 368 3157 committeret.
416 3092 607 3156 Alexander
622 3093 704 3155 urbe
719 3092 753 3154 in
770 3091 934 3154 dicionem
957 3111 1051 3154 suam
1067 3090 1137 3154 red-

137 3208 212 3261 acta
245 3196 333 3260 Iovis
366 3196 528 3278 templum
563 3197 674 3260 intrat.
721 3194 932 3270 Vehiculum,
965 3214 1029 3277 quo
1057 3194 1137 3257 Gor·

137 3301 236 3374 dium,
255 3300 366 3363 Midae
389 3310 517 3382 patrem
537 3310 672 3363 vectum
696 3320 771 3363 esse
795 3300 980 3374 constabat,
997 3297 1135 3380 aspexit,

137 3405 229 3468 cultu
252 3404 339 3467 haud
366 3424 446 3467 sane
469 3424 488 3466 a
510 3403 679 3467 vilioribus
702 3403 913 3486 vulgatisque
936 3423 999 3466 usu
1022 3402 1138 3466 abhor·
1162 3428 1189 3467 ao

90 3529 118 3584 ις
137 3529 221 3572 rens.
281 3507 438 3571 Notabile
461 3516 532 3570 erat
559 3507 675 3589 iugum
701 3507 897 3571 adstrictum
922 3506 1136 3588 conpluribus

137 3613 233 3676 nodis
264 3612 299 3674 in
327 3611 527 3693 semetipsos
554 3611 720 3693 inplicatis
744 3620 779 3675 et
806 3610 992 3675 celantibus
1019 3630 1134 3673 nexus.

99 3806 118 3832 ¹'
134 3797 381 3855 multummucgre,
394 3818 461 3859 very·
516 3820 537 3860 3.
553 3804 634 3858 metiri,
644 3817 765 3848 measure.
814 3798 1091 3851 studeauaybsdau·
1114 3796 1204 3844 “itum

38 3859 109 3886 mm
120 3859 268 3902 strazrened.
326 3866 440 3917 inducias,
456 3877 537 3914 truce.
614 3885 649 3923 13.
665 3869 789 3920 iussurum,
799 3881 832 3908 sc·
841 3879 874 3908 se.
930 3855 1220 3912 ustmffi'm‘ffist‘wssi’lss

11 3914 150 4005 ἕξω
164 3920 250 3964 ΨΜ
262 3932 335 3977 '‘lon-
397 3937 429 3976 16.
448 3933 576 3980 discrimen
588 3937 629 3988 (cl.
646 3936 777 3985 discernol,
792 3933 896 3974 decisivo
911 3928 986 3977 point.
1009 3981 1015 3990 .
1032 3933 1069 3959 τι.
1085 3917 1161 4011 hux,
1176 3915 1228 4017 Ξῖ

101 3997 108 4009 ·
273 4013 295 4020 ..
666 4000 671 4010 ·
712 3999 717 4009 ·
810 4016 816 4020 ,
856 4013 861 4020 ,
943 4005 963 4020 ..
1152 3990 1157 4013 1
