2476 4036
277 167 504 231 Historiarum
527 167 713 230 Alexandri
733 167 758 230 J
762 167 795 243 V,
825 184 849 242 1,
874 185 903 232 2.
1046 186 1087 247 41

512 501 594 565 CAP.
621 502 664 565 II.

43 673 60 735 7
134 670 206 733 Iam
238 679 309 733 tota
341 668 446 755 Syria,
479 668 543 731 iam
576 669 742 732 Phoenice
780 689 919 752 quoque,
952 679 1121 751 excepta1

87 774 188 859 Tyrq
222 773 444 836 Macedonum
476 782 557 847 erat,
589 773 799 855 habebatque
830 793 887 836 rex
903 783 1025 836 castra
1056 774 1089 835 in

88 877 286 952 continenti,
315 897 335 939 a
361 897 426 958 qua
452 867 568 939 urbem
596 886 777 958 angustum
803 877 927 939 fretum
954 877 1087 939 dirimit.

87 982 206 1066 Tyros,
224 991 258 1044 et
274 980 504 1063 magnitudine
527 990 560 1042 et
584 980 734 1043 claritate
750 991 828 1044 ante
851 1001 967 1043 omnes
990 981 1089 1043 urbes
1108 1001 1124 1037 2

48 1106 62 1145 s
90 1085 208 1170 Syriae
225 1084 473 1166 Phoenicesque
491 1084 723 1160 memorabilis,
740 1084 870 1147 facilius
894 1084 1088 1148 societatem

88 1188 273 1252 Alexandri
288 1199 467 1270 acceptura
481 1188 664 1263 videbatur,
682 1209 781 1271 quam
796 1188 979 1271 imperium.
1028 1188 1089 1251 Co·

88 1313 205 1356 ronam
228 1292 333 1375 igitur
354 1313 488 1356 auream
512 1293 637 1354 donum
659 1292 763 1374 legati
785 1289 980 1356 adferebant
1003 1314 1090 1356 com,

88 1406 286 1478 meatusque
301 1396 392 1478 large
410 1405 443 1459 et
460 1395 670 1478 hospitaliter
685 1417 726 1458 ex
740 1395 862 1478 oppido
877 1397 1087 1460 advexerant.

90 1501 151 1563 Ille
163 1501 250 1563 dona
266 1510 302 1562 ut
319 1501 360 1564 ab
376 1499 491 1564 amicis
504 1499 610 1582 accipi
622 1500 718 1563 iussit
734 1500 945 1583 benigneque
959 1501 1088 1583 legatos

43 1626 64 1667 ιο
90 1605 263 1667 adlocutus
292 1604 440 1680 Herculi,
470 1624 569 1686 quem
599 1604 776 1686 praecipue
806 1604 899 1689 Tyrii
930 1605 1087 1680 colerent,

90 1708 275 1772 sacrificare
296 1708 382 1771 velle
399 1708 554 1797 sedixit:
578 1708 799 1771 Macedonum
823 1729 920 1790 reges
943 1709 1087 1784 credere,
1108 1725 1143 1776 3·

64 1799 66 1802 ’
89 1813 131 1876 ab
148 1812 204 1875 illo
219 1813 281 1876 deo
301 1811 391 1894 ipsos
415 1832 522 1894 genus
545 1812 675 1887 ducere,
694 1832 729 1874 se
745 1833 832 1887 vero,
851 1822 887 1875 ut
903 1813 937 1876 id
952 1813 1087 1887 faceret,

89 1917 190 1980 etiam
221 1917 353 1979 oraculo
383 1915 556 1979 monitum.
621 1915 740 1998 Legati
771 1917 982 1997 respondent,
1015 1937 1125 1986 esse4

89 2021 251 2103 templum
281 2020 438 2084 Herculis
469 2030 562 2083 extra
592 2020 708 2083 urbem
738 2019 772 2081 in
803 2040 842 2083 ea
872 2021 959 2095 sede,
991 2041 1089 2102 quam

43 2149 64 2190 u
91 2125 286 2209 Palaetyron
311 2124 375 2206 ipsi
399 2133 541 2187 vocent:
571 2123 617 2186 ibi
640 2143 752 2206 regem
779 2124 843 2186 deo
870 2144 1000 2188 sacrum
1026 2125 1090 2188 rite

88 2228 263 2293 iacturum.
317 2229 394 2290 Non
425 2227 534 2291 tenuit
566 2228 658 2302 iram,
690 2227 785 2290 cuius
816 2227 937 2312 alioqui
968 2238 1123 2310 potenss

89 2353 157 2396 non
185 2341 263 2395 erat.
318 2332 445 2414 Itaque,
476 2333 575 2395 “Vos
602 2329 766 2415 quidem,''
795 2331 911 2415 inquit,
942 2333 1091 2397 “fiducia

89 2436 162 2511 loci,
176 2436 265 2519 quod
276 2435 419 2498 insulam
431 2435 585 2511 incolitis,
599 2435 788 2517 pedestrem
804 2435 894 2499 hunc
909 2437 1090 2501 exercitum

89 2539 267 2623 spernitis:
291 2540 349 2602 sed
365 2539 457 2603 brevi
473 2540 646 2602 ostendam
662 2537 697 2601 in
714 2539 901 2603 continenti
922 2560 982 2603 vos
1005 2560 1088 2605 esse.

43 2671 64 2712 ro
90 2644 232 2708 Proinde
255 2643 368 2707 sciatis
391 2643 479 2718 licet,
504 2652 561 2706 aut
585 2642 785 2706 intraturum
809 2664 862 2707 me
885 2645 1001 2706 urbem
1032 2655 1089 2707 aut

89 2745 391 2830 oppugnaturum.”
453 2747 538 2811 Cum
568 2747 632 2811 hoc
662 2767 823 2829 responso
853 2747 981 2810 dimissi
1012 2760 1125 2811 suos6

89 2871 226 2916 monere
239 2861 430 2932 coeperunt,
445 2860 481 2914 ut
495 2871 618 2933 regem,
632 2871 732 2933 quem
750 2851 855 2935 Syria,
872 2864 972 2933 quem
990 2851 1091 2914 Phoe-

89 2956 164 3020 nice
180 2955 371 3037 recepisset,‘
386 2954 449 3036 ipsi
465 2975 596 3037 quoque
612 2956 728 3019 urbem
746 2955 870 3017 intrare
885 2963 1087 3036 paterentur.

89 3059 139 3123 At
164 3059 211 3122 illi
235 3058 309 3123 loeo
334 3059 416 3123 satis
443 3059 496 3122 fisi
521 3059 728 3123 obsidionem
752 3059 839 3121 ferre
864 3059 1087 3122 decreverant.
1110 3076 1124 3129 7

46 3169 65 3232 8
90 3164 245 3246 Namque
265 3163 382 3226 urbem
398 3183 418 3225 a
433 3162 621 3227 continenti
644 3172 801 3245 quattuor
823 3163 1004 3226 stadiorum
1027 3163 1090 3226 fre·

43 3289 64 3330 a
88 3276 161 3331 tum
178 3266 315 3330 dividit:
337 3263 455 3331 Africo
471 3266 614 3329 maxime
629 3265 797 3331 obiectum
817 3265 950 3330 crebros
966 3287 1006 3330 ex
1021 3267 1090 3331 alto

89 3371 212 3436 fluctus
239 3369 274 3434 in
300 3369 380 3433 litus
408 3370 538 3435 evolvit.
587 3371 660 3434 Nec
687 3370 881 3452 accipiendo
907 3370 1006 3453 operi,
1023 3381 1124 3454 quo8

90 3476 294 3540 Macedones
307 3474 492 3538 continenti
504 3472 647 3537 insulam
663 3473 801 3556 iungere
816 3474 987 3556 parabant,
1001 3474 1090 3557 quic-

88 3600 186 3663 quam
203 3578 311 3662 magis
328 3566 427 3663 quam
446 3577 502 3643 ille
523 3587 649 3644 ventus
670 3579 840 3644 obstabat.
881 3577 1022 3658 Quippe
1035 3578 1102 3636 sisu

43 3793 49 3807 ·
63 3766 156 3822 alioqui,
165 3771 305 3829 otherwise,
316 3773 353 3822 ie.
365 3778 393 3822 in
399 3779 516 3834 general.
565 3794 603 3823 ao.
617 3775 726 3832 prdmdn,
734 3768 908 3819 accuramu-
952 3759 992 3798 ᾖ·
1002 3746 1191 3811 ὣω“ῳ

536 3844 597 3891 with
611 3844 712 3888 tntum.

1180 3936 1191 4007 l
