2476 4036
300 158 525 223 Historiarum
547 158 735 222 Alexandri
754 160 777 222 Ι
784 159 816 234 V,
841 159 871 234 6,
896 173 924 240 7.
1071 173 1112 240 59

111 365 192 409 num
213 364 329 408 vocem
356 342 539 426 supplicem
559 343 673 406 misit?
717 343 860 406 Vincam
879 352 991 407 tamen
1017 341 1112 406 silen-

111 449 196 512 tium
213 458 246 511 et
263 447 291 510 si
307 446 388 510 nihil
404 447 502 522 aliud,
520 456 610 510 certe
620 446 747 528 gemitu
763 446 1011 528 interpellab0.”
1059 447 1112 509 Ira
1130 474 1161 524 29

103 553 232 615 deinde
247 552 347 615 vertit
364 552 397 613 in
408 551 533 614 rabiem
550 551 614 614 iam
631 560 702 613 tum
716 551 909 632 peregrinos
926 551 1010 614 ritus
1026 571 1112 613 nova

106 657 278 719 'subeunte
315 655 486 734 fortuna¹
522 656 587 717 Per
616 655 701 718 talos
733 654 821 718 enirn
854 655 1010 736 spirantis
1042 655 1111 717 lora

72 779 85 818 s
112 759 253 823 traiecta
278 769 356 822 sunt
377 759 619 842 religatumque
645 760 687 821 ad
713 779 844 831 currum
869 769 1000 823 traxere
1025 759 1112 823 circa

112 865 228 927 urbem
244 864 319 946 equi
336 863 499 945 gloriante
516 883 603 944 rege,
621 862 787 938 Achillen,
804 883 824 926 a
840 884 905 946 quo
916 884 1023 946 genus
1040 864 1112 945 ipse

111 967 301 1042 deduceret,
314 967 479 1030 imitatum
493 987 529 1030 se
545 986 620 1030 esse
630 967 783 1048 poena'in
797 968 928 1030 hostem
940 967 1107 1049 capienda.

113 1071 274 1136 Cecidere
305 1073 478 1134 Persarum
509 1070 729 1154 Arabumque
759 1071 847 1135 circa
866 1061 893 1134 'x
923 1071 1021 1148 milia,
1048 1092 1110 1135 nec
1129 1096 1162 1146 30

112 1176 355 1241 Macedonibus
377 1176 551 1240 incruenta
573 1175 712 1239 victoria
734 1175 807 1240 fuit.
855 1175 996 1240 Obsidio
1019 1185 1111 1240 certe
1160 1161 1162 1167 ¹

60 1299 87 1338 ιο
112 1290 266 1344 nontam
283 1280 432 1344 claritate
449 1280 539 1343 urbis
556 1280 730 1344 nobilitata
746 1289 807 1354 est,
826 1301 923 1362 quam
941 1279 1110 1362 geminato

30 1433 37 1447 .
111 1384 259 1466 periculo
274 1384 372 1466 regis.
420 1384 487 1466 Qui
497 1384 693 1468 Aegyptum
705 1384 796 1448 adire
807 1382 972 1447 festinans
985 1384 1112 1469 Amyn-

110 1499 170 1551 tan
186 1509 261 1552 cum
278 1510 299 1551 x
309 1489 499 1551 triremibus
510 1489 543 1551 in
562 1489 792 1552 Macedoniam
807 1490 848 1552 ad
860 1487 1109 1571 inquisitionem

111 1612 272 1656 novorum
304 1592 447 1656 militum
477 1592 576 1656 misit.
639 1593 793 1675 Namque
812 1593 923 1655 'etiam
954 1593 1110 1656 secundis
1128 1611 1158 1662 31

112 1695 342 1760 atterebantur
369 1706 482 1759 tamen
514 1696 638 1779 copiae,
657 1696 928 1780 devictarumque
958 1696 1110 1778 gentium

61 1819 87 1859 u
112 1799 209 1863 militi
225 1799 333 1863 minor
348 1820 447 1883 quam
463 1799 647 1864 domestico
662 1801 745 1864 fides
761 1800 955 1865 habebatur.

525 2051 609 2116 CAP.
625 2051 704 2116 VII.

60 2222 98 2284 29
155 2217 327 2304 Aegyptii,
359 2217 436 2283 olim
468 2219 641 2283 Persarum
672 2219 791 2301 opibus
826 2217 957 2296 infensi,
989 2217 1110 2304 quippe
1147 2247 1158 2284 1

111 2342 209 2386 avare
225 2333 260 2386 et
277 2324 420 2403 superbe
436 2322 662 2406 imperitatum
679 2323 742 2386 sibi
764 2343 839 2387 esse
862 2324 1051 2400 credebant,
1068 2326 1110 2388 ad

112 2447 205 2508 spem
236 2427 400 2490 adventus
430 2427 502 2489 eius
532 2437 705 2490 erexerant
736 2426 874 2502 animos,
907 2436 1024 2510 utpote
1054 2428 1110 2510 qui

111 2530 298 2614 Amyntam
310 2550 441 2613 quoque
454 2529 661 2612 transfugam
675 2540 708 2593 et
722 2551 796 2594 cum
810 2531 957 2613 precario
973 2531 1111 2613 imperio

59 2656 87 2696 oo
110 2633 303 2697 venientem
319 2633 396 2696 laeti
413 2634 640 2715 recepissent„
675 2633 783 2716 Igitur
798 2635 916 2716 ingens
933 2635 1110 2698 multitudo
1145 2661 1160 2698 2

112 2737 289 2813 Pelusium,
307 2757 372 2819 qua
387 2737 570 2801 intraturus
594 2737 774 2813 videbatur,
793 2747 1001 2802 convenerat.
1049 2738 1111 2801 At-

111 2854 176 2923 que
188 2840 244 2903 ille
256 2841 399 2922 septimo
411 2841 473 2915 die,
487 2851 663 2924 postquam
680 2861 700 2904 a
716 2842 806 2905 Gaza
822 2842 933 2923 copias
950 2851 1108 2917 moverat,

55 3018 58 3024 ¹
111 2943 146 3006 in
176 2943 346 3026 regionem
369 2943 529 3029 Aegypti,
555 2965 652 3026 quam
676 2965 765 3008 nunc
789 2954 898 3008 castra
927 2945 1110 3008 Alexandri

110 3057 241 3123 vocant,
255 3048 414 3129 pervenit.
455 3048 586 3111 Deinde
598 3049 809 3129 pedestribus
825 3048 929 3130 copiis
942 3049 1109 3113 Pelusium
1144 3069 1160 3120 3

59 3175 86 3216 u
111 3159 226 3233 petere
251 3151 350 3215 iussis
381 3151 453 3232 ipse
484 3173 559 3216 cum
590 3153 745 3233 expedita
774 3153 979 3217 delectorum
1010 3165 1110 3216 manu

76 3272 81 3280 ”
112 3247 191 3318 Nilo
216 3275 315 3319 amne
344 3266 462 3319 vectus
494 3266 554 3319 est.
603 3257 675 3320 Nec
706 3257 896 3320 sustinuere
927 3257 1108 3320 adventum

110 3358 182 3422 eius
214 3359 342 3434 Persae,
368 3359 556 3422 defectione
587 3380 717 3441 quoque
748 3360 924 3441 perterriti.
972 3361 1110 3442 Iamque
1143 3370 1162 3426 4

110 3463 199 3526 haud
225 3462 339 3544 procul
367 3463 517 3544 Memphi
545 3473 635 3527 erat:
666 3463 699 3525 in
727 3464 821 3527 cuius
849 3463 1013 3544 praesidio
1041 3465 1109 3527 Ma-

109 3585 214 3642 zaces,
240 3575 376 3648 praetor
406 3567 516 3644 Darei,
545 3567 681 3631 relictus
711 3569 758 3632 od
788 3566 986 3632 Cercasorum
1012 3587 1113 3628 amne

84 3765 104 3793 α.
117 3752 270 3807 interpellabo.
281 3761 419 3818 interrupi.
447 3781 467 3820 3.
485 3765 620 3821 peregrinos
629 3760 883 3815 ritus,'l.e.bmbaroos
892 3749 980 3795 hs'xatxc
986 3751 1098 3785 exstem.
1136 3761 1149 3796 .'

22 3812 204 3932 ³:32⁸ch
221 3825 330 3869 secun&
342 3828 388 3879 (50·
400 3829 639 3886 “bushsnccessee
688 3829 728 3872 xo.
739 3833 824 3879 nepum
832 3815 1009 3874 ᾤχωκε
1015 3788 1218 3848 mmmmm
