2476 4036
342 170 572 237 Historiarum
595 170 782 236 Alexandri
801 171 826 235 J
831 171 864 248 V,
893 189 918 235 1.
1090 183 1132 251 37

127 364 272 421 matrem
294 364 329 420 et
352 356 529 439 coniugem
552 365 586 419 et
611 354 733 420 liberos
757 354 829 419 sine
852 354 959 438 pretio
982 362 1132 436 receptu·

128 481 201 524 rum
227 481 302 525 esse
324 461 494 544 promitto.
541 461 586 524 Et
609 460 742 524 vincere
770 468 803 523 et
835 458 1010 523 consulere
1032 457 1130 522 victis
1151 485 1182 536 14

128 564 207 630 scio.
256 565 356 648 Quod
380 565 408 628 si
434 575 470 628 te
492 564 703 629 committere
726 562 823 628 nobis
847 563 955 639 times,
979 561 1131 626 dabimus

127 669 229 733 fidem
246 668 370 751 inpune
383 678 569 732 venturum.
610 668 663 732 De
676 677 796 742 ceter0,
808 687 884 731 cum
901 666 981 730 mihi
994 664 1130 742 scribeS,

91 793 104 833 s
129 781 301 836 memento
325 793 392 836 non
415 772 521 836 solum
538 772 608 854 regi
625 783 668 846 te,
688 771 862 835 sedetiam
879 780 938 834 tuo
954 766 1130 834 scribere.”

129 876 187 939 Ad
203 876 289 940 hanc
305 877 537 958 perferendam
554 875 762 958 Thersippus
778 884 832 938 est
846 874 977 939 missus.

85 982 103 1044 3
175 980 216 1043 Ιῃ
233 979 422 1044 Phoenicen
439 980 555 1043 deinde
570 979 742 1043 descendit
766 987 800 1042 et
823 978 981 1061 oppidum
1002 975 1130 1063 Byblon
1151 1003 1181 1059 15

128 1083 289 1147 traditum
305 1083 439 1165 recepit.
487 1083 570 1146 Inde
586 1083 627 1147 ad
644 1083 769 1147 Sidona
783 1091 922 1146 ventum
939 1091 1001 1159 est,
1015 1082 1131 1145 urbem

128 1195 299 1251 vetustate
328 1187 483 1270 famaque
511 1187 719 1251 conditorum
748 1186 905 1250 inclitam.
953 1185 1131 1268 Regnabat
1151 1200 1182 1250 16

77 1315 105 1357 lo
131 1290 165 1353 in
189 1310 230 1354 ea
253 1290 377 1367 Strat0,
403 1290 506 1354 Darei
529 1290 648 1372 opibus
671 1290 813 1354 adiutus
839 1339 846 1354 .
871 1339 878 1354 ·
903 1338 910 1353 ·
965 1288 1033 1353 Sed
1055 1289 1131 1372 quia

130 1394 335 1485 deditionem
359 1394 465 1477 magis
489 1393 699 1477 popularium
716 1414 813 1476 quam
831 1413 892 1456 sua
910 1401 1031 1474 sponte
1045 1392 1132 1457 fece·

131 1508 191 1574 rat,
203 1519 307 1580 regno
317 1498 408 1561 visus
425 1498 581 1580 indignus
594 1497 905 1581 Hephaestionique
920 1496 1130 1579 permissum,

131 1611 178 1678 ut,
196 1622 295 1686 quem
312 1621 351 1665 eo
366 1601 502 1684 fastigio
518 1601 694 1666 eSidoniis
711 1601 943 1684 dignissimum
959 1600 1133 1665 arbitrare-

131 1716 195 1782 tur,
221 1705 443 1770 constitueret
474 1725 596 1789 regem.
656 1706 762 1770 Erant
796 1703 1040 1787 Hephaestioni
1067 1706 1131 1768 duo
1152 1728 1181 1783 ¹7

78 1835 106 1877 lt
132 1810 291 1893 hospites,
317 1810 396 1874 clari
427 1810 516 1873 inter
545 1831 623 1874 suos
654 1810 810 1875 iuvenes:
844 1810 899 1893 qui
928 1808 1019 1873 lacta
1049 1809 1130 1891 ipsis

131 1923 301 1998 potestate
339 1914 500 1996 regnandi
540 1924 755 1997 negaverunt,
788 1933 985 1996 quemquam
1023 1912 1131 1995 patrio

131 2039 224 2083 more
242 2018 276 2081 in
299 2017 333 2082 id
356 2018 528 2101 fastigium
553 2019 664 2100 recipi,
683 2018 746 2081 nisi
769 2017 860 2100 regia
883 2017 985 2100 stirpe
1009 2028 1129 2082 ortum.

131 2122 329 2186 Admiratus
342 2123 573 2204 Hephaestion
588 2122 847 2204 magnitudinem
862 2122 963 2185 animi
976 2142 1132 2204 spernen-
1152 2133 1182 2184 18

130 2227 185 2302 tis,
213 2227 302 2309 quod
331 2226 387 2289 alii
418 2247 478 2308 per
507 2227 603 2308 ignes
632 2226 821 2308 ferrumque
852 2234 1014 2308 peterent,
1035 2227 1131 2292 “Vos

79 2355 106 2398 ao
131 2330 265 2414 quidem
296 2315 397 2394 macti
427 2327 583 2405 virtute,’'
614 2330 731 2412 inquit,
766 2337 784 2364 ‘⁴
794 2338 912 2406 estote,
944 2329 1000 2413 qui
1034 2330 1131 2412 primi

131 2434 353 2510 intellexistis,
386 2444 511 2517 quanto
542 2434 647 2497 maius
684 2442 773 2496 esset
811 2452 951 2515 regnum
981 2433 1132 2499 fastidire

131 2558 230 2622 quam
246 2537 405 2620 accipere.
454 2538 612 2602 Ceterum
628 2539 704 2601 date
720 2537 863 2619 aliquem
879 2537 991 2620 regiae
1007 2538 1130 2620 stirpis,

131 2642 189 2725 qui
211 2641 399 2707 meminerit
416 2642 545 2706 avobis
568 2650 740 2726 acceptum
764 2641 887 2705 habere
904 2661 941 2705 se
958 2640 1131 2725 regnum.''

132 2746 248 2829 Atque
270 2745 325 2822 illi,
350 2766 425 2810 cum
448 2746 571 2810 multos
594 2745 766 2809 imminere
789 2753 904 2809 tantae
927 2746 999 2828 spei
1021 2766 1183 2820 cerne-19

80 2876 107 2918 aa
133 2859 208 2913 rent
236 2849 377 2932 singulis
400 2851 579 2914 amicorum
605 2848 787 2912 Alexandri
810 2851 853 2914 ob
876 2850 1013 2914 nimiam
1038 2850 1133 2934 regni

132 2953 351 3036 cupiditatem
374 2954 557 3028 adulantes
576 2961 729 3017 statuunt
754 2954 923 3018 neminem
940 2974 1015 3019 esse
1030 2955 1134 3037 potio·

131 3077 204 3121 rem
234 3078 332 3141 quam
365 3058 635 3142 Abdalonymum
668 3059 843 3141 quendam,
868 3058 968 3141 longa
998 3059 1132 3143 quidem

132 3181 172 3225 co
198 3161 333 3226 natione
365 3161 458 3244 stirpi
486 3161 597 3244 regiae
625 3163 798 3239 adnexum,
828 3164 888 3227 sed
915 3165 958 3228 ob
986 3163 1131 3247 inopiam

133 3183 361 3329 sissurbanum
392 3266 524 3329 hortum
548 3266 667 3349 exigua
690 3267 854 3332 colentem
879 3267 975 3351 stipe.
1023 3268 1134 3333 Causa
1151 3296 1184 3333 20

79 3395 107 3438 ω
133 3368 164 3432 ei
190 3368 397 3451 paupertatis
428 3370 513 3434 sicut
544 3370 711 3455 plerisque
742 3372 890 3454 probitas
914 3381 1004 3438 erat:
1028 3372 1132 3436 inten-

131 3482 254 3556 tusque
283 3473 375 3555 operi
405 3475 523 3538 diurno
554 3474 730 3556 strepitum
753 3496 929 3551 armorum,
948 3476 1004 3560 qui
1027 3485 1132 3540 totam

89 3580 111 3641 4
130 3574 250 3642 Asiam
274 3588 497 3657 concusserat,
515 3599 584 3644 non
606 3578 818 3646 exaudiebat.
861 3580 984 3645 Subito
1003 3579 1141 3651 deiude,
1152 3601 1187 3635 ax

56 3771 80 3803 ι’
91 3770 242 3819 ”omnmo
250 3780 284 3810 ⁸0·
295 3776 318 3812 te
326 3783 352 3813 Β
361 3773 459 3828 subject.
496 3791 518 3831 4.
533 3787 670 3831 venturum,
679 3791 714 3821 se,
721 3785 757 3820 te,
797 3789 836 3817 ιο.
848 3765 921 3812 mffi
926 3747 1225 3805 'dumbs-QQQW*

322 3835 452 3895 nywr
461 3842 561 3900 virtue,
569 3843 614 3889 he.
624 3843 724 3888 bravo!
784 3853 823 3895 aa·
836 3833 910 3891 §Auem
917 3824 1007 3883 ins*-
