2476 4036
249 207 251 212 ,
309 156 538 219 Historiarum
562 156 748 220 Alexandri
769 157 832 231 ΙΙΙ,
860 171 886 236 5,
912 158 939 219 6.
1089 172 1124 234 13

126 340 194 404 cis:
220 340 289 402 “In
313 361 377 422 quo
401 340 485 416 me‚”
511 342 627 424 inquit,
655 341 822 404 “articulo
846 361 955 403 rerum
978 360 1126 402 mearum

124 445 259 508 fortuna
275 444 540 525 deprehenderit,
559 445 703 508 cernitis.
752 445 936 526 Strepitum
955 444 1126 507 hostilium

125 569 290 611 armorum
308 549 462 610 exaudire
478 549 559 610 mihi
576 550 691 612 videor
706 559 748 624 et,
766 550 822 632 qui
838 550 925 612 ultro
942 549 1039 612 intuli
1062 549 1128 613 bel-

125 654 202 728 lum,
220 654 285 716 iam
301 675 472 734 provocor.
519 655 650 718 Dareus
674 675 753 738 ergo
778 676 852 718 cum
876 665 945 718 tam
967 655 1126 736 superbas
1148 678 1178 713 12

85 773 98 812 ὁ
125 758 253 820 litteras
278 759 445 833 scriberet,
463 759 631 822 fortunam
656 781 764 822 meam
787 760 820 822 in
838 760 976 822 consilio
992 759 1127 822 habuit:

126 863 185 925 sed
215 863 426 945 nequiquam,
457 862 485 925 si
516 863 597 926 mihi
628 864 763 926 arbitrio
795 884 869 926 meo
901 863 1007 927 curari
1038 864 1124 926 licet.
1165 939 1168 944 Δ

127 967 236 1029 Lenta
252 968 398 1030 remedia
413 977 447 1030 et
464 988 585 1050 segnes
602 969 748 1031 medicos
764 989 831 1030 non
848 978 1025 1050 expectant
1046 977 1128 1030 tem·
1149 990 1178 1039 ¹3

126 1091 205 1152 pora
228 1091 320 1134 mea:
343 1071 395 1133 vel
415 1072 498 1134 mori
515 1082 652 1134 strenue
669 1093 768 1154 quam
784 1075 878 1135 tarde
895 1073 1127 1135 convalescere

126 1174 207 1236 mibi
230 1175 348 1238 melius
373 1185 432 1239 est.
482 1172 631 1252 Proinde,
650 1176 678 1239 si
697 1177 776 1258 quid
799 1177 886 1258 opis,
898 1176 926 1239 si
945 1176 1024 1259 quid
1046 1176 1127 1239 artis

74 1296 100 1334 10
126 1277 160 1340 in
184 1279 321 1342 medicis
345 1290 405 1355 est,
424 1279 541 1355 sciant,
560 1301 614 1342 me
634 1290 786 1343 nontam
802 1281 918 1343 mortis
935 1301 1033 1363 quam
1050 1280 1127 1343 belli

126 1382 309 1445 remedium
325 1382 514 1465 quaerere.’'
563 1385 740 1466 Ingentem
764 1384 917 1447 omnibus
940 1384 1126 1448 incusserat
1149 1408 1178 1456 ¹4

127 1506 239 1548 curam
266 1495 334 1549 tam
362 1508 520 1569 praeceps
551 1488 724 1550 temeritas
752 1489 830 1551 eius
880 1489 970 1572 Ergo
1001 1509 1060 1570 pro
1091 1509 1126 1551 se

127 1590 267 1672 quisque
297 1592 423 1672 precari
454 1612 602 1673 coepere,
628 1613 670 1655 ne
696 1592 913 1655 festinatione
944 1593 1126 1674 periculum

127 1703 275 1776 augeret,
294 1695 353 1768 sed
369 1705 458 1757 esset
475 1696 509 1757 in
526 1705 693 1776 potestate
710 1697 934 1760 medentium:
957 1697 1127 1777 inexperta
1149 1715 1176 1768 ¹5

75 1817 101 1856 15
127 1798 275 1867 remedia
288 1799 377 1861 haud
400 1799 520 1862 iniuria
538 1800 619 1881 ipsis
636 1820 710 1863 esse
726 1811 891 1881 suspecta,
909 1821 984 1863 cum
1001 1801 1042 1862 ad
1057 1821 1128 1882 per-

70 1975 72 1979 ,
127 1901 248 1964 niciem
265 1902 336 1964 eius
355 1903 456 1966 etiam
477 1924 497 1966 a
517 1903 621 1966 latere
644 1902 748 1984 ipsius
771 1904 912 1985 pecunia
935 1904 1126 1967 sollicitaret

127 2005 242 2068 hostis.
306 2006 439 2088 Quippe
470 2008 600 2070 Dareus
632 2008 721 2071 mille
758 2008 885 2071 talenta
921 2007 1127 2072 interfectori
1148 2026 1179 2074 16

127 2108 311 2172 Alexandri
334 2112 488 2174 daturum
516 2133 552 2175 se
579 2112 786 2194 pronuntiari
812 2112 961 2176 iusserat.
1010 2114 1128 2196 Itaque

128 2234 170 2276 ne
186 2235 343 2277 ausurum
360 2215 492 2297 quidem
509 2237 708 2298 quemquam
724 2217 970 2280 arbitrabantur
988 2218 1128 2298 experiri

76 2338 102 2378 oo
128 2317 320 2393 remedium,
333 2319 420 2400 quod
435 2327 570 2400 propter
585 2320 768 2383 novitatem
780 2329 895 2401 posset
908 2340 981 2382 esse
997 2341 1129 2403 suspec-

128 2432 209 2485 tum.

545 2563 628 2628 Can.
651 2564 710 2628 VI.

77 2739 115 2799 14
173 2730 255 2795 Erat
282 2731 370 2796 inter
393 2731 521 2796 nobiles
545 2732 702 2809 medicos,
729 2753 769 2796 ex
794 2733 991 2798 Macedonia
1015 2755 1127 2818 regem
1166 2763 1176 2798 1

128 2843 274 2911 secutus
294 2835 475 2917 Philippus,
493 2836 629 2899 natione
652 2836 819 2914 Acarnan,
841 2839 927 2901 fidus
950 2839 1128 2908 admodum

128 2937 219 3020 regi:
249 2958 351 3020 puero
383 2959 495 3003 comes
522 2948 555 3002 et
587 2949 700 3003 custos
732 2941 848 3004 salutis
871 2942 969 3005 datus
997 2963 1064 3005 non
1091 2952 1128 3006 ut

76 3063 102 3104 2⁵
128 3063 242 3124 regem
265 3043 373 3119 modo,
392 3044 451 3106 sed
474 3043 574 3106 etiam
593 3055 629 3107 ut
653 3044 822 3107 alumnum
847 3045 967 3109 eximia
990 3046 1129 3110 caritate

127 3146 294 3230 diligebat.
344 3147 379 3210 Is
403 3167 470 3210 non
494 3167 653 3229 praeceps
677 3168 722 3223 se,
748 3149 806 3212 sed
830 3158 1003 3213 strenuum
1027 3171 1129 3214 reme·
1164 3184 1179 3221 2

127 3251 218 3315 dium
234 3251 364 3315 adferre
381 3260 575 3334 tantamque
591 3252 658 3314 vim
681 3253 787 3317 morbi
809 3253 946 3336 potione
965 3255 1130 3319 medicata

126 3355 313 3420 levaturum
330 3378 405 3421 esse
425 3358 585 3440 promisit.
635 3359 728 3421 Nulli
751 3360 949 3440 promissum
972 3360 1043 3424 eius
1064 3360 1129 3442 pla·
1164 3381 1179 3432 3

127 3460 224 3524 cebat
261 3472 394 3544 praeter
432 3463 551 3543 ipsum,
584 3462 678 3526 cuius
716 3464 863 3546 periculo
900 3464 1127 3546 pollicebatur.

75 3584 102 3626 n
128 3564 252 3629 Omnia
267 3565 390 3648 quippe
413 3565 543 3629 facilius
561 3587 659 3650 quam
682 3587 809 3630 moram
828 3567 958 3650 perpeti
978 3577 1129 3648 poterat:

57 3763 79 3792 ¹·
92 3751 194 3808 &⁰1⁰1
203 3758 278 3803 crttis
290 3759 335 3812 (lit.
340 3763 428 3814 joint).
481 3766 503 3809 6.
517 3765 612 3810 arbitrio
621 3746 1058 3818 mmaccorttngtomnwwbb·
1099 3734 1226 3785 ΨΜ

313 3826 436 3885 unfit-ttly·
482 3845 517 3887 23.
533 3831 682 3883 acl-modum,
691 3841 755 3882 very
767 3823 795 3878 Ψ
805 3827 827 3865 to
838 3834 856 3863 a
866 3809 1003 3869 detrat'lb·
