2476 4036
107 161 148 222 28
478 162 514 239 Q.
544 161 639 226 curu
660 163 742 245 Rufi

106 341 163 406 illa
175 363 241 406 non
255 343 431 409 maiestate
447 345 564 421 solum,
579 347 637 409 sed
654 345 755 409 etiam
771 353 882 409 aetate
897 344 1109 423 venerabilis,

106 445 188 510 haec
209 447 336 510 formae
358 448 605 530 pulchritudine
628 469 671 512 ne
694 449 749 513 illa
771 450 904 532 quidem
929 459 1019 512 sorte
1042 470 1112 514 cor·

105 558 231 631 ruptae.
281 552 466 634 Receperat
488 552 522 615 in
546 553 655 616 sinum
678 553 781 616 filium
806 554 954 616 nondum
978 563 1110 618 sextum

105 674 231 718 annum
258 655 379 720 aetatis
408 676 589 739 egressum,
612 657 647 721 in
674 679 769 739 spem
800 667 914 721 tantae
943 658 1108 734 fortunae,

105 769 264 844 quantam
293 770 388 842 pater
415 761 486 826 eius
517 762 615 844 paulo
645 772 723 826 ante
751 762 917 838 amiserat,
944 762 1107 845 genitum.
1142 787 1155 826 1

56 873 87 928 25
105 865 155 928 At
172 865 206 928 in
222 865 351 948 gremio
366 887 450 930 anus
466 866 559 930 aviae
574 867 726 931 iacebant
750 868 883 931 adultae
906 868 991 930 duae
1013 866 1111 949 virgi·

105 989 176 1045 nes,
202 990 269 1033 non
294 990 354 1033 suo
377 979 519 1046 tantum,
544 972 603 1034 sed
627 970 728 1034 etiam
751 971 838 1034 illius
864 990 1012 1034 maerore
1034 990 1111 1033 con-

105 1073 225 1160 fectae.
274 1074 399 1157 Ingens
417 1074 592 1139 circaeam
608 1075 769 1139 nobilium
789 1074 988 1138 feminarum
1011 1075 1111 1137 turba

106 1178 303 1241 constiterat
325 1177 477 1242 laceratis
500 1178 649 1242 crinibus
672 1178 885 1262 abscissaque
907 1187 1011 1252 veste,
1028 1176 1110 1258 pris

105 1281 168 1345 tini
197 1282 326 1346 decoris
357 1282 577 1358 immemores,
609 1282 742 1365 reginas
773 1283 990 1365 dominasque
1019 1279 1108 1344 veris
1135 1304 1162 1345 ιο

57 1400 90 1450 26
106 1387 282 1469 quondam,
309 1395 389 1451 tunc
413 1386 530 1449 alienis
554 1385 744 1449 nominibus
774 1385 978 1449 invocantes.
1027 1383 1109 1447 Illae

106 1509 186 1552 suae
204 1489 401 1554 calamitatis
418 1491 549 1567 oblitae,
568 1490 602 1552 in
618 1500 693 1553 utro
716 1510 819 1554 cornu
843 1489 974 1552 Dareus
998 1487 1110 1552 stetis-

106 1603 167 1669 set,
200 1614 285 1676 quae
315 1594 451 1657 fortuna
479 1593 680 1657 discriminis
710 1592 841 1665 fuisset,
873 1593 1109 1675 requirebant:

106 1698 274 1780 negabant
292 1717 327 1760 se
344 1708 467 1779 captas,
486 1697 513 1760 si
534 1697 660 1760 viveret
683 1717 749 1760 rex.
798 1696 866 1760 Sed
888 1695 981 1760 illum
1004 1715 1108 1779 equos

106 1802 248 1867 subinde
265 1810 451 1866 mutantem
468 1801 599 1883 longius
615 1801 695 1883 fuga
710 1800 902 1865 abstulerat.
1134 1825 1161 1866 11

57 1926 89 1980 27
151 1907 189 1968 In
208 1905 279 1969 acie
295 1915 407 1968 autem
423 1925 520 1968 caesa
536 1914 613 1967 sunt
639 1905 812 1968 Persarum
835 1904 985 1986 peditum
1008 1921 1027 1967 c
1051 1902 1110 1967 mi-

106 2009 157 2086 lia,
176 2012 291 2074 decem
308 2009 466 2092 equitum.
514 2007 563 2070 At
586 2029 606 2071 a
628 2018 723 2090 parte
745 2007 929 2071 Alexandri
951 2008 993 2070 ad
1016 2017 1109 2090 quat·

106 2123 183 2178 tuor
206 2113 301 2178 milia
324 2111 499 2196 quingenti
523 2111 626 2175 saucii
652 2112 756 2187 fuere,
781 2131 822 2174 ex
844 2110 1012 2193 peditibus
1044 2129 1107 2175 ccc

107 2218 243 2282 omnino
260 2227 293 2280 et
309 2218 375 2280 duo
391 2215 569 2280 desiderati
586 2225 673 2290 sunt,
692 2214 841 2298 equitum
858 2224 994 2278 centum
1015 2214 1108 2297 quin·

107 2322 266 2405 quaginta
281 2319 458 2384 interfecti.
499 2320 644 2384 Tantulo
661 2319 819 2401 inpendio
835 2318 954 2401 ingens
969 2316 1108 2381 victoria
1133 2347 1161 2387 11

107 2425 210 2490 stetit.

513 2569 595 2633 Cle.
622 2569 703 2632 XII.
748 2522 752 2532 ¹

76 2761 87 2799 1
152 2739 226 2802 Rex
248 2735 382 2820 quidem
407 2736 555 2799 Dareum
578 2734 809 2818 persequendo
831 2734 1002 2818 fatigatus
1018 2742 1108 2816 post·
1122 2743 1160 2807 30

106 2863 206 2925 quam
223 2850 256 2903 et
273 2860 338 2903 nox
353 2840 532 2921 adpetebat
549 2848 583 2902 et
599 2838 825 2922 consequendi
846 2858 923 2919 spes
942 2858 1009 2901 non
1025 2847 1106 2913 erat,

73 2945 140 3010 2in
158 2955 266 3010 castra
287 2944 385 3026 paulo
410 2952 488 3006 ante
513 2963 532 3005 a
553 2943 621 3006 suis
643 2953 740 3024 capta
760 2941 920 3023 pervenit.
968 2940 1108 3004 Invitari

105 3049 227 3112 deinde
257 3047 390 3123 amicos,
422 3046 542 3129 quibus
580 3046 722 3109 maxime
759 3047 965 3121 adsueverat,
997 3044 1106 3120 iussit,
1133 3067 1160 3108 as

105 3153 228 3236 quippe
252 3171 382 3214 summa
405 3151 575 3213 dumtaxat
603 3149 689 3214 cutis
717 3149 751 3212 in
778 3149 903 3212 femine
930 3147 1108 3230 perstricta

72 3274 173 3326 ³n0n
198 3255 395 3338 prohibebat
421 3253 584 3317 interesse
614 3252 785 3317 convivio:
816 3273 891 3316 cum
918 3262 1058 3335 repente
1088 3271 1107 3315 e

105 3361 255 3444 proximo
272 3359 484 3424 tabernaculo
502 3357 651 3441 lugubris
667 3357 792 3420 clamor
814 3357 954 3420 barbaro
979 3356 1106 3420 ululatu

105 3465 307 3548 planctuque
331 3462 514 3546 permixtus
538 3463 713 3543 epulantes
738 3461 929 3525 conterruit.
979 3460 1106 3524 Cohors

103 3589 245 3650 quoque,
261 3588 345 3650 quae
361 3567 544 3631 excubabat
557 3567 598 3629 ad
611 3566 863 3630 tabernaculum
879 3564 977 3646 regis,
990 3563 1104 3639 verita,
1132 3585 1160 3626 ao

2 3758 69 3839 ὦ
83 3757 153 3800 '⁰¹²⁶‘
163 3753 204 3803 hl,
216 3754 253 3796 ¹¹¹⁶·
264 3759 423 3813 malesanum.
481 3778 502 3817 4.
517 3777 647 3817 egressum,
655 3765 720 3816 past.
776 3760 799 3802 6.
814 3770 873 3799 auus
881 3751 957 3801 auiae,
966 3749 992 3817 ⁰s.
1004 3748 1042 3788 uu
1053 3746 1091 3786 old
1100 3757 1196 3783 1111111111

30 3854 38 3865 ,
58 3811 257 3860 erandmtber,
314 3837 348 3864 n.
366 3833 423 3870 tunc
432 3827 526 3881 alienis,
537 3829 598 3872 then
609 3842 642 3871 no
653 3829 742 3879 longer
753 3823 842 3865 theirs.
894 3827 931 3865 15.
944 3801 1203 3856 subindufreuutnssv·

2 3876 7 3888 ’
20 3866 141 3908 Μ’
150 3874 230 3929 ‘'¹³“
240 3887 362 3936 “flm-
408 3903 450 3946 3ο.
467 3892 615 3944 excubabat,
627 3892 675 3946 lay
683 3892 739 3939 out,
749 3884 789 3929 ie.
800 3894 858 3926 was
866 3891 898 3923 111
906 3869 1007 3928 guard-

15 3972 55 3999 ‚s
