<?xml version="1.0" encoding="UTF-8"?>
<!DOCTYPE html PUBLIC "-//W3C//DTD XHTML 1.0 Transitional//EN"
    "http://www.w3.org/TR/xhtml1/DTD/xhtml1-transitional.dtd">
<html xmlns="http://www.w3.org/1999/xhtml" xml:lang="en" lang="en">
 <head>
  <title>
</title>
<meta http-equiv="Content-Type" content="text/html;charset=utf-8" />
  <meta name='ocr-system' content='tesseract 3.04.00' />
  <meta name='ocr-capabilities' content='ocr_page ocr_carea ocr_par ocr_line ocrx_word'/>
</head>
<body>
  <div class='ocr_page' id='page_1' title='image "./qcurtirufihisto03rufugoog_0058.png"; bbox 0 0 2476 4036; ppageno 0'>
   <div class='ocr_carea' id='block_1_1' title="bbox 325 171 1114 260">
    <p class='ocr_par' dir='ltr' id='par_1_1' title="bbox 325 171 1114 260">
     <span class='ocr_line' id='line_1_1' title="bbox 325 171 1114 260; baseline 0.005 -24"><span class='ocrx_word' id='word_1_1' title='bbox 325 171 552 251; x_wconf 76' lang='lat' dir='ltr'><em>Historiarum</em></span> <span class='ocrx_word' id='word_1_2' title='bbox 574 172 761 238; x_wconf 79' lang='lat' dir='ltr'><em>Alexandri</em></span> <span class='ocrx_word' id='word_1_3' title='bbox 780 174 804 238; x_wconf 88' lang='lat' dir='ltr'><em>I</em></span> <span class='ocrx_word' id='word_1_4' title='bbox 809 175 849 250; x_wconf 89' lang='lat' dir='ltr'><strong>V,</strong></span> <span class='ocrx_word' id='word_1_5' title='bbox 872 192 897 239; x_wconf 89' lang='lat'><strong>1.</strong></span> <span class='ocrx_word' id='word_1_6' title='bbox 1072 191 1114 260; x_wconf 80' lang='lat'><strong>39</strong></span> 
     </span>
    </p>
   </div>
   <div class='ocr_carea' id='block_1_2' title="bbox 58 354 1184 3664">
    <p class='ocr_par' dir='ltr' id='par_1_2' title="bbox 110 354 1113 753">
     <span class='ocr_line' id='line_1_2' title="bbox 110 354 1113 442; baseline 0 -18"><span class='ocrx_word' id='word_1_7' title='bbox 110 354 221 440; x_wconf 84' lang='lat' dir='ltr'><strong>ipsum</strong></span> <span class='ocrx_word' id='word_1_8' title='bbox 237 376 278 421; x_wconf 88' lang='lat' dir='ltr'><strong>ex</strong></span> <span class='ocrx_word' id='word_1_9' title='bbox 288 355 364 422; x_wconf 88' lang='lat' dir='ltr'><strong>acie</strong></span> <span class='ocrx_word' id='word_1_10' title='bbox 371 358 557 440; x_wconf 89' lang='lat' dir='ltr'><strong>persecutis</strong></span> <span class='ocrx_word' id='word_1_11' title='bbox 569 355 648 441; x_wconf 85' lang='lat' dir='ltr'><strong>iuga</strong></span> <span class='ocrx_word' id='word_1_12' title='bbox 663 358 815 441; x_wconf 89' lang='lat' dir='ltr'><strong>Tripolin</strong></span> <span class='ocrx_word' id='word_1_13' title='bbox 827 359 986 442; x_wconf 89' lang='lat' dir='ltr'><strong>pervenit.</strong></span> <span class='ocrx_word' id='word_1_14' title='bbox 1029 360 1113 424; x_wconf 91' lang='lat' dir='ltr'><strong>Inde</strong></span> 
     </span>
     <span class='ocr_line' id='line_1_3' title="bbox 110 460 1110 558; baseline 0.005 -35"><span class='ocrx_word' id='word_1_15' title='bbox 110 460 146 524; x_wconf 89' lang='lat' dir='ltr'><strong>in</strong></span> <span class='ocrx_word' id='word_1_16' title='bbox 169 481 272 524; x_wconf 88' lang='lat' dir='ltr'><strong>naves</strong></span> <span class='ocrx_word' id='word_1_17' title='bbox 294 461 455 526; x_wconf 88' lang='lat' dir='ltr'><strong>militibus</strong></span> <span class='ocrx_word' id='word_1_18' title='bbox 485 461 640 544; x_wconf 89' lang='lat' dir='ltr'><strong>inpositis</strong></span> <span class='ocrx_word' id='word_1_19' title='bbox 671 463 819 558; x_wconf 76' lang='lat' dir='ltr'><strong>Cyprqm</strong></span> <span class='ocrx_word' id='word_1_20' title='bbox 850 463 1036 528; x_wconf 86' lang='lat' dir='ltr'><strong>transmisit</strong></span> <span class='ocrx_word' id='word_1_21' title='bbox 1067 474 1110 542; x_wconf 89' lang='lat' dir='ltr'><strong>et,</strong></span> 
     </span>
     <span class='ocr_line' id='line_1_4' title="bbox 110 564 1110 650; baseline 0.003 -21"><span class='ocrx_word' id='word_1_22' title='bbox 110 585 187 629; x_wconf 92' lang='lat' dir='ltr'><strong>cum</strong></span> <span class='ocrx_word' id='word_1_23' title='bbox 204 564 238 627; x_wconf 92' lang='lat' dir='ltr'><strong>in</strong></span> <span class='ocrx_word' id='word_1_24' title='bbox 255 564 310 629; x_wconf 92' lang='lat' dir='ltr'><strong>illo</strong></span> <span class='ocrx_word' id='word_1_25' title='bbox 327 574 418 629; x_wconf 89' lang='lat' dir='ltr'><strong>statu</strong></span> <span class='ocrx_word' id='word_1_26' title='bbox 434 586 544 628; x_wconf 91' lang='lat' dir='ltr'><strong>rerum</strong></span> <span class='ocrx_word' id='word_1_27' title='bbox 560 565 592 628; x_wconf 91' lang='lat' dir='ltr'><strong>id</strong></span> <span class='ocrx_word' id='word_1_28' title='bbox 609 586 783 649; x_wconf 86' lang='lat' dir='ltr'>quemque,</span> <span class='ocrx_word' id='word_1_29' title='bbox 800 568 889 649; x_wconf 92' lang='lat' dir='ltr'><strong>quod</strong></span> <span class='ocrx_word' id='word_1_30' title='bbox 904 578 1110 650; x_wconf 83' lang='lat' dir='ltr'><strong>occupasset,</strong></span> 
     </span>
     <span class='ocr_line' id='line_1_5' title="bbox 111 668 1110 753; baseline 0.006 -22"><span class='ocrx_word' id='word_1_31' title='bbox 111 668 300 732; x_wconf 90' lang='lat' dir='ltr'><strong>habiturum</strong></span> <span class='ocrx_word' id='word_1_32' title='bbox 324 668 540 733; x_wconf 85' lang='lat' dir='ltr'><strong>arbitraretur</strong></span> <span class='ocrx_word' id='word_1_33' title='bbox 563 669 653 732; x_wconf 91' lang='lat' dir='ltr'><strong>velut</strong></span> <span class='ocrx_word' id='word_1_34' title='bbox 685 680 777 733; x_wconf 90' lang='lat' dir='ltr'><strong>certo</strong></span> <span class='ocrx_word' id='word_1_35' title='bbox 808 670 878 733; x_wconf 91' lang='lat' dir='ltr'><strong>iure</strong></span> <span class='ocrx_word' id='word_1_36' title='bbox 908 690 1110 753; x_wconf 89' lang='lat' dir='ltr'><strong>possessum,</strong></span> 
     </span>
    </p>

    <p class='ocr_par' dir='ltr' id='par_1_3' title="bbox 71 771 1184 1273">
     <span class='ocr_line' id='line_1_6' title="bbox 71 771 1112 856; baseline 0.01 -26"><span class='ocrx_word' id='word_1_37' title='bbox 71 790 85 830; x_wconf 80' lang='lat' dir='ltr'><strong>s</strong></span> <span class='ocrx_word' id='word_1_38' title='bbox 111 771 306 856; x_wconf 86' lang='lat' dir='ltr'><strong>Aegyptum</strong></span> <span class='ocrx_word' id='word_1_39' title='bbox 337 781 453 854; x_wconf 91' lang='lat' dir='ltr'><strong>petere</strong></span> <span class='ocrx_word' id='word_1_40' title='bbox 482 772 639 849; x_wconf 88' lang='lat' dir='ltr'><strong>decrevit,</strong></span> <span class='ocrx_word' id='word_1_41' title='bbox 671 772 803 856; x_wconf 92' lang='lat' dir='ltr'><strong>utrique</strong></span> <span class='ocrx_word' id='word_1_42' title='bbox 833 773 904 856; x_wconf 93' lang='lat' dir='ltr'><strong>regi</strong></span> <span class='ocrx_word' id='word_1_43' title='bbox 940 775 1047 839; x_wconf 93' lang='lat' dir='ltr'><strong>hostis</strong></span> <span class='ocrx_word' id='word_1_44' title='bbox 1077 785 1112 840; x_wconf 89' lang='lat' dir='ltr'><strong>et</strong></span> 
     </span>
     <span class='ocr_line' id='line_1_7' title="bbox 111 874 1109 960; baseline 0.005 -22"><span class='ocrx_word' id='word_1_45' title='bbox 111 895 246 958; x_wconf 88' lang='lat' dir='ltr'><strong>semper</strong></span> <span class='ocrx_word' id='word_1_46' title='bbox 275 895 315 939; x_wconf 90' lang='lat' dir='ltr'><strong>ex</strong></span> <span class='ocrx_word' id='word_1_47' title='bbox 343 874 481 957; x_wconf 89' lang='lat' dir='ltr'><strong>ancipiti</strong></span> <span class='ocrx_word' id='word_1_48' title='bbox 512 878 697 940; x_wconf 85' lang='lat' dir='ltr'><strong>mutatione</strong></span> <span class='ocrx_word' id='word_1_49' title='bbox 727 887 916 959; x_wconf 90' lang='lat' dir='ltr'><strong>temporum</strong></span> <span class='ocrx_word' id='word_1_50' title='bbox 950 879 1109 960; x_wconf 90' lang='lat' dir='ltr'><strong>pendens.</strong></span> 
     </span>
     <span class='ocr_line' id='line_1_8' title="bbox 112 978 1163 1062; baseline 0 -20"><span class='ocrx_word' id='word_1_51' title='bbox 112 979 345 1062; x_wconf 87' lang='lat' dir='ltr'><strong>Hortatusque</strong></span> <span class='ocrx_word' id='word_1_52' title='bbox 368 978 491 1043; x_wconf 90' lang='lat' dir='ltr'><strong>milites</strong></span> <span class='ocrx_word' id='word_1_53' title='bbox 506 980 547 1042; x_wconf 92' lang='lat' dir='ltr'><strong>ad</strong></span> <span class='ocrx_word' id='word_1_54' title='bbox 565 1000 658 1061; x_wconf 92' lang='lat' dir='ltr'><strong>spem</strong></span> <span class='ocrx_word' id='word_1_55' title='bbox 681 989 796 1045; x_wconf 88' lang='lat' dir='ltr'><strong>tantae</strong></span> <span class='ocrx_word' id='word_1_56' title='bbox 819 981 866 1044; x_wconf 93' lang='lat' dir='ltr'><strong>rei</strong></span> <span class='ocrx_word' id='word_1_57' title='bbox 890 982 988 1045; x_wconf 89' lang='lat' dir='ltr'><strong>docet</strong></span> <span class='ocrx_word' id='word_1_58' title='bbox 1012 983 1113 1046; x_wconf 85' lang='lat' dir='ltr'><strong>Saba·</strong></span> <span class='ocrx_word' id='word_1_59' title='bbox 1131 992 1163 1043; x_wconf 90' lang='lat'><strong>28</strong></span> 
     </span>
     <span class='ocr_line' id='line_1_9' title="bbox 111 1081 1184 1167; baseline 0.002 -20"><span class='ocrx_word' id='word_1_60' title='bbox 111 1102 184 1157; x_wconf 90' lang='lat' dir='ltr'><strong>cen,</strong></span> <span class='ocrx_word' id='word_1_61' title='bbox 201 1092 388 1164; x_wconf 88' lang='lat' dir='ltr'><strong>praetorem</strong></span> <span class='ocrx_word' id='word_1_62' title='bbox 411 1081 572 1167; x_wconf 87' lang='lat' dir='ltr'><strong>Aegypti,</strong></span> <span class='ocrx_word' id='word_1_63' title='bbox 591 1083 752 1147; x_wconf 88' lang='lat' dir='ltr'><strong>cecidisse</strong></span> <span class='ocrx_word' id='word_1_64' title='bbox 769 1084 801 1146; x_wconf 91' lang='lat' dir='ltr'><strong>in</strong></span> <span class='ocrx_word' id='word_1_65' title='bbox 820 1084 913 1150; x_wconf 90' lang='lat' dir='ltr'><strong>acie:</strong></span> <span class='ocrx_word' id='word_1_66' title='bbox 938 1085 1110 1149; x_wconf 91' lang='lat' dir='ltr'><strong>Persarum</strong></span> <span class='ocrx_word' id='word_1_67' title='bbox 1175 1090 1184 1149; x_wconf 73' lang='lat' dir='ltr'><em>f</em></span> 
     </span>
     <span class='ocr_line' id='line_1_10' title="bbox 110 1185 1111 1273; baseline 0.005 -25"><span class='ocrx_word' id='word_1_68' title='bbox 110 1185 312 1268; x_wconf 91' lang='lat' dir='ltr'><strong>praesidium</strong></span> <span class='ocrx_word' id='word_1_69' title='bbox 329 1195 363 1249; x_wconf 90' lang='lat' dir='ltr'><strong>et</strong></span> <span class='ocrx_word' id='word_1_70' title='bbox 377 1185 449 1250; x_wconf 92' lang='lat' dir='ltr'><strong>sine</strong></span> <span class='ocrx_word' id='word_1_71' title='bbox 472 1187 557 1250; x_wconf 90' lang='lat' dir='ltr'><strong>duce</strong></span> <span class='ocrx_word' id='word_1_72' title='bbox 573 1206 648 1250; x_wconf 90' lang='lat' dir='ltr'><strong>esse</strong></span> <span class='ocrx_word' id='word_1_73' title='bbox 664 1196 698 1250; x_wconf 93' lang='lat' dir='ltr'><strong>et</strong></span> <span class='ocrx_word' id='word_1_74' title='bbox 715 1187 904 1263; x_wconf 89' lang='lat' dir='ltr'><strong>invalidum,</strong></span> <span class='ocrx_word' id='word_1_75' title='bbox 921 1188 1111 1273; x_wconf 91' lang='lat' dir='ltr'><strong>Aegyptios</strong></span> 
     </span>
    </p>

    <p class='ocr_par' dir='ltr' id='par_1_4' title="bbox 60 1289 1163 1790">
     <span class='ocr_line' id='line_1_11' title="bbox 60 1289 1110 1374; baseline 0 -19"><span class='ocrx_word' id='word_1_76' title='bbox 60 1308 86 1355; x_wconf 74' lang='grc' dir='ltr'><strong>ιο</strong></span> <span class='ocrx_word' id='word_1_77' title='bbox 111 1309 244 1372; x_wconf 91' lang='lat' dir='ltr'><strong>semper</strong></span> <span class='ocrx_word' id='word_1_78' title='bbox 272 1289 480 1371; x_wconf 92' lang='lat' dir='ltr'><strong>praetoribus</strong></span> <span class='ocrx_word' id='word_1_79' title='bbox 503 1309 617 1354; x_wconf 91' lang='lat' dir='ltr'><strong>eorum</strong></span> <span class='ocrx_word' id='word_1_80' title='bbox 639 1289 780 1354; x_wconf 82' lang='lat' dir='ltr'><strong>infestos</strong></span> <span class='ocrx_word' id='word_1_81' title='bbox 803 1311 863 1373; x_wconf 92' lang='lat' dir='ltr'><strong>pro</strong></span> <span class='ocrx_word' id='word_1_82' title='bbox 887 1291 986 1357; x_wconf 90' lang='lat' dir='ltr'><strong>sociis</strong></span> <span class='ocrx_word' id='word_1_83' title='bbox 1011 1291 1110 1374; x_wconf 91' lang='lat' dir='ltr'><strong>ipsos,</strong></span> 
     </span>
     <span class='ocr_line' id='line_1_12' title="bbox 110 1392 1163 1478; baseline 0.002 -22"><span class='ocrx_word' id='word_1_84' title='bbox 110 1413 176 1457; x_wconf 90' lang='lat' dir='ltr'><strong>non</strong></span> <span class='ocrx_word' id='word_1_85' title='bbox 216 1413 276 1475; x_wconf 93' lang='lat' dir='ltr'><strong>pro</strong></span> <span class='ocrx_word' id='word_1_86' title='bbox 313 1392 466 1457; x_wconf 90' lang='lat' dir='ltr'><strong>hostibus</strong></span> <span class='ocrx_word' id='word_1_87' title='bbox 503 1395 745 1458; x_wconf 88' lang='lat' dir='ltr'><strong>aestimaturos.</strong></span> <span class='ocrx_word' id='word_1_88' title='bbox 810 1393 932 1459; x_wconf 89' lang='lat' dir='ltr'><strong>Omnia</strong></span> <span class='ocrx_word' id='word_1_89' title='bbox 970 1395 1112 1478; x_wconf 90' lang='lat' dir='ltr'><strong>experiri</strong></span> <span class='ocrx_word' id='word_1_90' title='bbox 1131 1419 1163 1470; x_wconf 87' lang='lat'><strong>29</strong></span> 
     </span>
     <span class='ocr_line' id='line_1_13' title="bbox 111 1497 1112 1580; baseline 0.001 -19"><span class='ocrx_word' id='word_1_91' title='bbox 111 1497 295 1562; x_wconf 90' lang='lat' dir='ltr'><strong>necessitas</strong></span> <span class='ocrx_word' id='word_1_92' title='bbox 311 1498 474 1579; x_wconf 91' lang='lat' dir='ltr'><strong>cogebat:</strong></span> <span class='ocrx_word' id='word_1_93' title='bbox 498 1498 619 1580; x_wconf 90' lang='lat' dir='ltr'><strong>quippe</strong></span> <span class='ocrx_word' id='word_1_94' title='bbox 636 1518 711 1561; x_wconf 92' lang='lat' dir='ltr'><strong>cum</strong></span> <span class='ocrx_word' id='word_1_95' title='bbox 735 1497 859 1580; x_wconf 91' lang='lat' dir='ltr'><strong>primas</strong></span> <span class='ocrx_word' id='word_1_96' title='bbox 883 1518 960 1580; x_wconf 94' lang='lat' dir='ltr'><strong>spes</strong></span> <span class='ocrx_word' id='word_1_97' title='bbox 976 1498 1112 1563; x_wconf 86' lang='lat' dir='ltr'><strong>fortuna</strong></span> 
     </span>
     <span class='ocr_line' id='line_1_14' title="bbox 110 1601 1110 1685; baseline 0.001 -20"><span class='ocrx_word' id='word_1_98' title='bbox 110 1601 274 1678; x_wconf 89' lang='lat' dir='ltr'><strong>destituit,</strong></span> <span class='ocrx_word' id='word_1_99' title='bbox 297 1601 410 1664; x_wconf 82' lang='lat' dir='ltr'><strong>futura</strong></span> <span class='ocrx_word' id='word_1_100' title='bbox 440 1601 673 1682; x_wconf 89' lang='lat' dir='ltr'><strong>praesentibus</strong></span> <span class='ocrx_word' id='word_1_101' title='bbox 697 1601 852 1665; x_wconf 91' lang='lat' dir='ltr'><strong>videntur</strong></span> <span class='ocrx_word' id='word_1_102' title='bbox 875 1621 949 1665; x_wconf 90' lang='lat' dir='ltr'><strong>esse</strong></span> <span class='ocrx_word' id='word_1_103' title='bbox 972 1603 1110 1685; x_wconf 89' lang='lat' dir='ltr'><strong>potiora.</strong></span> 
     </span>
     <span class='ocr_line' id='line_1_15' title="bbox 112 1704 1113 1790; baseline 0.003 -22"><span class='ocrx_word' id='word_1_104' title='bbox 112 1705 220 1788; x_wconf 90' lang='lat' dir='ltr'><strong>igitur</strong></span> <span class='ocrx_word' id='word_1_105' title='bbox 249 1704 467 1779; x_wconf 87' lang='lat' dir='ltr'><strong>conclamant,</strong></span> <span class='ocrx_word' id='word_1_106' title='bbox 500 1706 644 1780; x_wconf 90' lang='lat' dir='ltr'><strong>duceret,</strong></span> <span class='ocrx_word' id='word_1_107' title='bbox 676 1725 741 1788; x_wconf 93' lang='lat' dir='ltr'><strong>quo</strong></span> <span class='ocrx_word' id='word_1_108' title='bbox 771 1705 947 1770; x_wconf 90' lang='lat' dir='ltr'><strong>videretur.</strong></span> <span class='ocrx_word' id='word_1_109' title='bbox 995 1706 1113 1790; x_wconf 88' lang='lat' dir='ltr'><strong>Atque</strong></span> 
     </span>
    </p>

    <p class='ocr_par' dir='ltr' id='par_1_5' title="bbox 59 1807 1164 2309">
     <span class='ocr_line' id='line_1_16' title="bbox 59 1807 1112 1890; baseline -0.001 -15"><span class='ocrx_word' id='word_1_110' title='bbox 59 1830 85 1875; x_wconf 77' lang='lat' dir='ltr'><strong>n</strong></span> <span class='ocrx_word' id='word_1_111' title='bbox 111 1807 166 1872; x_wconf 91' lang='lat' dir='ltr'><strong>ille</strong></span> <span class='ocrx_word' id='word_1_112' title='bbox 195 1811 357 1874; x_wconf 90' lang='lat' dir='ltr'><strong>utendum</strong></span> <span class='ocrx_word' id='word_1_113' title='bbox 388 1808 516 1884; x_wconf 92' lang='lat' dir='ltr'><strong>animis,</strong></span> <span class='ocrx_word' id='word_1_114' title='bbox 548 1809 626 1871; x_wconf 93' lang='lat' dir='ltr'><strong>dum</strong></span> <span class='ocrx_word' id='word_1_115' title='bbox 658 1829 717 1890; x_wconf 90' lang='lat' dir='ltr'><strong>spe</strong></span> <span class='ocrx_word' id='word_1_116' title='bbox 748 1808 905 1884; x_wconf 90' lang='lat' dir='ltr'><strong>calerent,</strong></span> <span class='ocrx_word' id='word_1_117' title='bbox 937 1818 1038 1886; x_wconf 91' lang='lat' dir='ltr'><strong>ratus,</strong></span> <span class='ocrx_word' id='word_1_118' title='bbox 1070 1811 1112 1874; x_wconf 93' lang='lat' dir='ltr'><strong>ad</strong></span> 
     </span>
     <span class='ocr_line' id='line_1_17' title="bbox 112 1911 1112 1995; baseline 0.002 -19"><span class='ocrx_word' id='word_1_119' title='bbox 112 1912 234 1976; x_wconf 87' lang='lat' dir='ltr'><strong>Pelusii</strong></span> <span class='ocrx_word' id='word_1_120' title='bbox 264 1913 387 1977; x_wconf 90' lang='lat' dir='ltr'><strong>ostium</strong></span> <span class='ocrx_word' id='word_1_121' title='bbox 418 1921 580 1995; x_wconf 89' lang='lat' dir='ltr'><strong>penetrat,</strong></span> <span class='ocrx_word' id='word_1_122' title='bbox 606 1911 767 1977; x_wconf 91' lang='lat' dir='ltr'><strong>simulans</strong></span> <span class='ocrx_word' id='word_1_123' title='bbox 790 1934 809 1976; x_wconf 90' lang='lat' dir='ltr'><strong>a</strong></span> <span class='ocrx_word' id='word_1_124' title='bbox 832 1913 944 1977; x_wconf 91' lang='lat' dir='ltr'><strong>Dareo</strong></span> <span class='ocrx_word' id='word_1_125' title='bbox 971 1934 1008 1978; x_wconf 92' lang='lat' dir='ltr'><strong>se</strong></span> <span class='ocrx_word' id='word_1_126' title='bbox 1037 1934 1112 1978; x_wconf 90' lang='lat' dir='ltr'><strong>esse</strong></span> 
     </span>
     <span class='ocr_line' id='line_1_18' title="bbox 110 2016 1164 2100; baseline -0.003 -21"><span class='ocrx_word' id='word_1_127' title='bbox 110 2016 341 2100; x_wconf 89' lang='lat' dir='ltr'><strong>praemissum.</strong></span> <span class='ocrx_word' id='word_1_128' title='bbox 388 2017 518 2080; x_wconf 90' lang='lat' dir='ltr'><strong>Potitus</strong></span> <span class='ocrx_word' id='word_1_129' title='bbox 540 2036 621 2098; x_wconf 91' lang='lat' dir='ltr'><strong>ergo</strong></span> <span class='ocrx_word' id='word_1_130' title='bbox 645 2016 767 2081; x_wconf 92' lang='lat' dir='ltr'><strong>Pelusii</strong></span> <span class='ocrx_word' id='word_1_131' title='bbox 791 2016 976 2099; x_wconf 92' lang='lat' dir='ltr'><strong>Memphim</strong></span> <span class='ocrx_word' id='word_1_132' title='bbox 1001 2017 1112 2100; x_wconf 89' lang='lat' dir='ltr'><strong>copias</strong></span> <span class='ocrx_word' id='word_1_133' title='bbox 1131 2039 1164 2090; x_wconf 85' lang='lat'><strong>30</strong></span> 
     </span>
     <span class='ocr_line' id='line_1_19' title="bbox 111 2120 1112 2206; baseline 0.003 -24"><span class='ocrx_word' id='word_1_134' title='bbox 111 2121 295 2203; x_wconf 90' lang='lat' dir='ltr'><strong>promovit:</strong></span> <span class='ocrx_word' id='word_1_135' title='bbox 328 2122 371 2185; x_wconf 93' lang='lat' dir='ltr'><strong>ad</strong></span> <span class='ocrx_word' id='word_1_136' title='bbox 395 2121 489 2186; x_wconf 88' lang='lat' dir='ltr'><strong>cuius</strong></span> <span class='ocrx_word' id='word_1_137' title='bbox 516 2121 640 2185; x_wconf 79' lang='lat' dir='ltr'><strong>tamam</strong></span> <span class='ocrx_word' id='word_1_138' title='bbox 665 2120 836 2206; x_wconf 86' lang='lat' dir='ltr'><strong>Aegyptii,</strong></span> <span class='ocrx_word' id='word_1_139' title='bbox 861 2142 947 2186; x_wconf 89' lang='lat' dir='ltr'><strong>vana</strong></span> <span class='ocrx_word' id='word_1_140' title='bbox 970 2141 1054 2204; x_wconf 91' lang='lat' dir='ltr'><strong>gens</strong></span> <span class='ocrx_word' id='word_1_141' title='bbox 1079 2132 1112 2186; x_wconf 93' lang='lat' dir='ltr'><strong>et</strong></span> 
     </span>
     <span class='ocr_line' id='line_1_20' title="bbox 111 2223 1113 2309; baseline 0.003 -23"><span class='ocrx_word' id='word_1_142' title='bbox 111 2224 273 2288; x_wconf 90' lang='lat' dir='ltr'><strong>novandis</strong></span> <span class='ocrx_word' id='word_1_143' title='bbox 289 2246 387 2308; x_wconf 91' lang='lat' dir='ltr'><strong>quam</strong></span> <span class='ocrx_word' id='word_1_144' title='bbox 411 2225 567 2307; x_wconf 87' lang='lat' dir='ltr'><strong>gerendis</strong></span> <span class='ocrx_word' id='word_1_145' title='bbox 591 2223 699 2307; x_wconf 91' lang='lat' dir='ltr'><strong>aptior</strong></span> <span class='ocrx_word' id='word_1_146' title='bbox 721 2225 830 2301; x_wconf 90' lang='lat' dir='ltr'><strong>rebus,</strong></span> <span class='ocrx_word' id='word_1_147' title='bbox 848 2245 889 2289; x_wconf 89' lang='lat' dir='ltr'><strong>ex</strong></span> <span class='ocrx_word' id='word_1_148' title='bbox 905 2225 974 2289; x_wconf 90' lang='lat' dir='ltr'><strong>suis</strong></span> <span class='ocrx_word' id='word_1_149' title='bbox 990 2225 1113 2309; x_wconf 91' lang='lat' dir='ltr'><strong>quique</strong></span> 
     </span>
    </p>

    <p class='ocr_par' dir='ltr' id='par_1_6' title="bbox 58 2328 1161 2828">
     <span class='ocr_line' id='line_1_21' title="bbox 58 2328 1114 2412; baseline 0.003 -22"><span class='ocrx_word' id='word_1_150' title='bbox 58 2350 86 2398; x_wconf 77' lang='lat' dir='ltr'><strong>ao</strong></span> <span class='ocrx_word' id='word_1_151' title='bbox 111 2328 193 2392; x_wconf 90' lang='lat' dir='ltr'><strong>vicis</strong></span> <span class='ocrx_word' id='word_1_152' title='bbox 209 2329 413 2410; x_wconf 90' lang='lat' dir='ltr'><strong>urbibusque</strong></span> <span class='ocrx_word' id='word_1_153' title='bbox 436 2329 501 2393; x_wconf 92' lang='lat' dir='ltr'><strong>buc</strong></span> <span class='ocrx_word' id='word_1_154' title='bbox 527 2328 663 2412; x_wconf 86' lang='lat' dir='ltr'><strong>[ipsum]</strong></span> <span class='ocrx_word' id='word_1_155' title='bbox 689 2338 891 2394; x_wconf 91' lang='lat' dir='ltr'><strong>concurrunt</strong></span> <span class='ocrx_word' id='word_1_156' title='bbox 914 2329 957 2392; x_wconf 94' lang='lat' dir='ltr'><strong>ad</strong></span> <span class='ocrx_word' id='word_1_157' title='bbox 972 2330 1114 2393; x_wconf 90' lang='lat' dir='ltr'><strong>delenda</strong></span> 
     </span>
     <span class='ocr_line' id='line_1_22' title="bbox 110 2431 1161 2516; baseline -0.003 -22"><span class='ocrx_word' id='word_1_158' title='bbox 110 2431 275 2514; x_wconf 92' lang='lat' dir='ltr'><strong>praesidia</strong></span> <span class='ocrx_word' id='word_1_159' title='bbox 288 2433 469 2498; x_wconf 90' lang='lat' dir='ltr'><strong>Persarum.</strong></span> <span class='ocrx_word' id='word_1_160' title='bbox 511 2432 579 2516; x_wconf 82' lang='lat' dir='ltr'><strong>Qui</strong></span> <span class='ocrx_word' id='word_1_161' title='bbox 593 2432 700 2496; x_wconf 90' lang='lat' dir='ltr'><strong>territi</strong></span> <span class='ocrx_word' id='word_1_162' title='bbox 713 2442 825 2496; x_wconf 91' lang='lat' dir='ltr'><strong>tamen</strong></span> <span class='ocrx_word' id='word_1_163' title='bbox 838 2452 932 2514; x_wconf 90' lang='lat' dir='ltr'><strong>spem</strong></span> <span class='ocrx_word' id='word_1_164' title='bbox 946 2433 1112 2497; x_wconf 90' lang='lat' dir='ltr'><strong>retinendi</strong></span> <span class='ocrx_word' id='word_1_165' title='bbox 1132 2455 1161 2506; x_wconf 85' lang='lat'><strong>31</strong></span> 
     </span>
     <span class='ocr_line' id='line_1_23' title="bbox 110 2535 1113 2622; baseline 0.002 -24"><span class='ocrx_word' id='word_1_166' title='bbox 110 2536 308 2621; x_wconf 88' lang='lat' dir='ltr'><strong>Aegyptum</strong></span> <span class='ocrx_word' id='word_1_167' title='bbox 332 2557 399 2599; x_wconf 94' lang='lat' dir='ltr'><strong>non</strong></span> <span class='ocrx_word' id='word_1_168' title='bbox 422 2537 628 2603; x_wconf 86' lang='lat' dir='ltr'><strong>omiserunt:</strong></span> <span class='ocrx_word' id='word_1_169' title='bbox 652 2536 712 2600; x_wconf 90' lang='lat' dir='ltr'><strong>sed</strong></span> <span class='ocrx_word' id='word_1_170' title='bbox 728 2555 786 2599; x_wconf 90' lang='lat' dir='ltr'><strong>eos</strong></span> <span class='ocrx_word' id='word_1_171' title='bbox 802 2535 971 2622; x_wconf 89' lang='lat' dir='ltr'><strong>Amyntas</strong></span> <span class='ocrx_word' id='word_1_172' title='bbox 987 2537 1113 2619; x_wconf 91' lang='lat' dir='ltr'><strong>proelio</strong></span> 
     </span>
     <span class='ocr_line' id='line_1_24' title="bbox 110 2639 1114 2723; baseline 0.001 -20"><span class='ocrx_word' id='word_1_173' title='bbox 110 2649 286 2722; x_wconf 85' lang='lat' dir='ltr'><strong>superatos</strong></span> <span class='ocrx_word' id='word_1_174' title='bbox 298 2639 332 2703; x_wconf 95' lang='lat' dir='ltr'><strong>in</strong></span> <span class='ocrx_word' id='word_1_175' title='bbox 343 2641 459 2704; x_wconf 90' lang='lat' dir='ltr'><strong>urbem</strong></span> <span class='ocrx_word' id='word_1_176' title='bbox 473 2640 631 2723; x_wconf 86' lang='lat' dir='ltr'><strong>conpellit</strong></span> <span class='ocrx_word' id='word_1_177' title='bbox 643 2639 828 2723; x_wconf 88' lang='lat' dir='ltr'><strong>castrisque</strong></span> <span class='ocrx_word' id='word_1_178' title='bbox 838 2640 956 2722; x_wconf 89' lang='lat' dir='ltr'><strong>positis</strong></span> <span class='ocrx_word' id='word_1_179' title='bbox 969 2640 1114 2705; x_wconf 90' lang='lat' dir='ltr'><strong>victores</strong></span> 
     </span>
     <span class='ocr_line' id='line_1_25' title="bbox 110 2743 1113 2828; baseline 0.002 -22"><span class='ocrx_word' id='word_1_180' title='bbox 110 2744 153 2807; x_wconf 92' lang='lat' dir='ltr'><strong>ad</strong></span> <span class='ocrx_word' id='word_1_181' title='bbox 168 2745 375 2826; x_wconf 91' lang='lat' dir='ltr'><strong>populandos</strong></span> <span class='ocrx_word' id='word_1_182' title='bbox 385 2764 483 2828; x_wconf 92' lang='lat' dir='ltr'><strong>agros</strong></span> <span class='ocrx_word' id='word_1_183' title='bbox 499 2745 705 2809; x_wconf 68' lang='lat' dir='ltr'><strong>diicurrunt:</strong></span> <span class='ocrx_word' id='word_1_184' title='bbox 723 2743 815 2808; x_wconf 90' lang='lat' dir='ltr'><strong>velut</strong></span> <span class='ocrx_word' id='word_1_185' title='bbox 828 2744 862 2806; x_wconf 94' lang='lat' dir='ltr'><strong>in</strong></span> <span class='ocrx_word' id='word_1_186' title='bbox 876 2744 985 2807; x_wconf 90' lang='lat' dir='ltr'><strong>medio</strong></span> <span class='ocrx_word' id='word_1_187' title='bbox 995 2744 1113 2826; x_wconf 92' lang='lat' dir='ltr'><strong>positis</strong></span> 
     </span>
    </p>

    <p class='ocr_par' dir='ltr' id='par_1_7' title="bbox 58 2847 1164 3345">
     <span class='ocr_line' id='line_1_26' title="bbox 58 2847 1164 2931; baseline -0.005 -20"><span class='ocrx_word' id='word_1_188' title='bbox 58 2869 86 2911; x_wconf 75' lang='lat' dir='ltr'><strong>ao</strong></span> <span class='ocrx_word' id='word_1_189' title='bbox 111 2847 242 2929; x_wconf 91' lang='lat' dir='ltr'><strong>praedis</strong></span> <span class='ocrx_word' id='word_1_190' title='bbox 265 2848 411 2913; x_wconf 90' lang='lat' dir='ltr'><strong>hostium</strong></span> <span class='ocrx_word' id='word_1_191' title='bbox 428 2857 548 2913; x_wconf 90' lang='lat' dir='ltr'><strong>cuncta</strong></span> <span class='ocrx_word' id='word_1_192' title='bbox 571 2848 763 2930; x_wconf 88' lang='lat' dir='ltr'><strong>agebantur.</strong></span> <span class='ocrx_word' id='word_1_193' title='bbox 813 2848 931 2931; x_wconf 91' lang='lat' dir='ltr'><strong>ltaque</strong></span> <span class='ocrx_word' id='word_1_194' title='bbox 948 2849 1111 2924; x_wconf 88' lang='lat' dir='ltr'><strong>Mazaces,</strong></span> <span class='ocrx_word' id='word_1_195' title='bbox 1132 2869 1164 2920; x_wconf 85' lang='lat'><strong>32</strong></span> 
     </span>
     <span class='ocr_line' id='line_1_27' title="bbox 110 2951 1113 3034; baseline 0.003 -21"><span class='ocrx_word' id='word_1_196' title='bbox 110 2971 309 3034; x_wconf 90' lang='lat' dir='ltr'><strong>quamquam</strong></span> <span class='ocrx_word' id='word_1_197' title='bbox 337 2951 461 3016; x_wconf 83' lang='lat' dir='ltr'><strong>infelici</strong></span> <span class='ocrx_word' id='word_1_198' title='bbox 492 2951 616 3034; x_wconf 90' lang='lat' dir='ltr'><strong>proelio</strong></span> <span class='ocrx_word' id='word_1_199' title='bbox 649 2971 783 3014; x_wconf 91' lang='lat' dir='ltr'><strong>suorum</strong></span> <span class='ocrx_word' id='word_1_200' title='bbox 816 2951 945 3014; x_wconf 91' lang='lat' dir='ltr'><strong>animos</strong></span> <span class='ocrx_word' id='word_1_201' title='bbox 979 2951 1113 3016; x_wconf 90' lang='lat' dir='ltr'><strong>territos</strong></span> 
     </span>
     <span class='ocr_line' id='line_1_28' title="bbox 111 3053 1115 3138; baseline 0.002 -21"><span class='ocrx_word' id='word_1_202' title='bbox 111 3073 187 3118; x_wconf 90' lang='lat' dir='ltr'><strong>esse</strong></span> <span class='ocrx_word' id='word_1_203' title='bbox 211 3065 422 3138; x_wconf 90' lang='lat' dir='ltr'><strong>cognoverat,</strong></span> <span class='ocrx_word' id='word_1_204' title='bbox 440 3053 553 3119; x_wconf 90' lang='lat' dir='ltr'><strong>tamen</strong></span> <span class='ocrx_word' id='word_1_205' title='bbox 576 3054 728 3138; x_wconf 89' lang='lat' dir='ltr'><strong>palantes</strong></span> <span class='ocrx_word' id='word_1_206' title='bbox 751 3063 785 3118; x_wconf 91' lang='lat' dir='ltr'><strong>et</strong></span> <span class='ocrx_word' id='word_1_207' title='bbox 811 3054 971 3119; x_wconf 87' lang='lat' dir='ltr'><strong>victoriae</strong></span> <span class='ocrx_word' id='word_1_208' title='bbox 994 3055 1115 3120; x_wconf 90' lang='lat' dir='ltr'><strong>fiducia</strong></span> 
     </span>
     <span class='ocr_line' id='line_1_29' title="bbox 111 3156 1114 3242; baseline 0.003 -21"><span class='ocrx_word' id='word_1_209' title='bbox 111 3156 263 3222; x_wconf 89' lang='lat' dir='ltr'><strong>incautos</strong></span> <span class='ocrx_word' id='word_1_210' title='bbox 293 3168 468 3224; x_wconf 90' lang='lat' dir='ltr'><strong>ostentans</strong></span> <span class='ocrx_word' id='word_1_211' title='bbox 494 3159 647 3242; x_wconf 90' lang='lat' dir='ltr'><strong>perpulit,</strong></span> <span class='ocrx_word' id='word_1_212' title='bbox 672 3179 715 3223; x_wconf 91' lang='lat' dir='ltr'><strong>ne</strong></span> <span class='ocrx_word' id='word_1_213' title='bbox 738 3158 929 3222; x_wconf 88' lang='lat' dir='ltr'><strong>dubitarent</strong></span> <span class='ocrx_word' id='word_1_214' title='bbox 961 3178 1002 3222; x_wconf 88' lang='lat' dir='ltr'><strong>ex</strong></span> <span class='ocrx_word' id='word_1_215' title='bbox 1031 3159 1114 3224; x_wconf 92' lang='lat' dir='ltr'><strong>urbe</strong></span> 
     </span>
     <span class='ocr_line' id='line_1_30' title="bbox 111 3262 1163 3345; baseline 0.007 -20"><span class='ocrx_word' id='word_1_216' title='bbox 111 3281 285 3345; x_wconf 91' lang='lat' dir='ltr'><strong>erumpere</strong></span> <span class='ocrx_word' id='word_1_217' title='bbox 312 3273 345 3327; x_wconf 91' lang='lat' dir='ltr'><strong>et</strong></span> <span class='ocrx_word' id='word_1_218' title='bbox 374 3284 426 3327; x_wconf 91' lang='lat' dir='ltr'><strong>res</strong></span> <span class='ocrx_word' id='word_1_219' title='bbox 456 3263 596 3327; x_wconf 88' lang='lat' dir='ltr'><strong>amissas</strong></span> <span class='ocrx_word' id='word_1_220' title='bbox 626 3262 818 3345; x_wconf 78' lang='lat' dir='ltr'><strong>reciperare,</strong></span> <span class='ocrx_word' id='word_1_221' title='bbox 867 3262 907 3326; x_wconf 88' lang='lat' dir='ltr'><strong>ld</strong></span> <span class='ocrx_word' id='word_1_222' title='bbox 938 3262 1112 3327; x_wconf 91' lang='lat' dir='ltr'><strong>consilium</strong></span> <span class='ocrx_word' id='word_1_223' title='bbox 1131 3280 1163 3332; x_wconf 84' lang='lat'><strong>33</strong></span> 
     </span>
    </p>

    <p class='ocr_par' dir='ltr' id='par_1_8' title="bbox 59 3366 1120 3664">
     <span class='ocr_line' id='line_1_31' title="bbox 59 3366 1112 3450; baseline 0 -20"><span class='ocrx_word' id='word_1_224' title='bbox 59 3388 87 3430; x_wconf 81' lang='lat' dir='ltr'><strong>ao</strong></span> <span class='ocrx_word' id='word_1_225' title='bbox 111 3385 179 3429; x_wconf 92' lang='lat' dir='ltr'><strong>non</strong></span> <span class='ocrx_word' id='word_1_226' title='bbox 225 3367 352 3431; x_wconf 86' lang='lat' dir='ltr'><strong>ratione</strong></span> <span class='ocrx_word' id='word_1_227' title='bbox 403 3367 608 3450; x_wconf 90' lang='lat' dir='ltr'><strong>prudentius,</strong></span> <span class='ocrx_word' id='word_1_228' title='bbox 654 3387 754 3449; x_wconf 90' lang='lat' dir='ltr'><strong>quam</strong></span> <span class='ocrx_word' id='word_1_229' title='bbox 806 3375 930 3430; x_wconf 89' lang='lat' dir='ltr'><strong>eventu</strong></span> <span class='ocrx_word' id='word_1_230' title='bbox 982 3366 1112 3430; x_wconf 86' lang='lat' dir='ltr'><strong>felicius</strong></span> 
     </span>
     <span class='ocr_line' id='line_1_32' title="bbox 110 3468 1110 3552; baseline 0.003 -20"><span class='ocrx_word' id='word_1_231' title='bbox 110 3468 198 3536; x_wconf 82' lang='lat' dir='ltr'><strong>fuit:</strong></span> <span class='ocrx_word' id='word_1_232' title='bbox 235 3472 277 3534; x_wconf 89' lang='lat' dir='ltr'><strong>ad</strong></span> <span class='ocrx_word' id='word_1_233' title='bbox 307 3492 408 3534; x_wconf 91' lang='lat' dir='ltr'><strong>unum</strong></span> <span class='ocrx_word' id='word_1_234' title='bbox 441 3491 557 3535; x_wconf 91' lang='lat' dir='ltr'><strong>omnes</strong></span> <span class='ocrx_word' id='word_1_235' title='bbox 588 3492 663 3534; x_wconf 90' lang='lat' dir='ltr'><strong>cum</strong></span> <span class='ocrx_word' id='word_1_236' title='bbox 694 3470 767 3552; x_wconf 92' lang='lat' dir='ltr'><strong>ipso</strong></span> <span class='ocrx_word' id='word_1_237' title='bbox 790 3471 874 3534; x_wconf 91' lang='lat' dir='ltr'><strong>duce</strong></span> <span class='ocrx_word' id='word_1_238' title='bbox 897 3470 1000 3534; x_wconf 91' lang='lat' dir='ltr'><strong>occisi</strong></span> <span class='ocrx_word' id='word_1_239' title='bbox 1023 3481 1110 3536; x_wconf 91' lang='lat' dir='ltr'><strong>sunt.</strong></span> 
     </span>
     <span class='ocr_line' id='line_1_33' title="bbox 112 3573 1120 3664; baseline -0.009 -24"><span class='ocrx_word' id='word_1_240' title='bbox 112 3575 186 3640; x_wconf 90' lang='lat' dir='ltr'><strong>Has</strong></span> <span class='ocrx_word' id='word_1_241' title='bbox 221 3595 348 3658; x_wconf 88' lang='lat' dir='ltr'><strong>poenas</strong></span> <span class='ocrx_word' id='word_1_242' title='bbox 380 3575 552 3664; x_wconf 88' lang='lat' dir='ltr'><strong>Amyntas</strong></span> <span class='ocrx_word' id='word_1_243' title='bbox 589 3575 725 3660; x_wconf 82' lang='lat' dir='ltr'><strong>utrique</strong></span> <span class='ocrx_word' id='word_1_244' title='bbox 759 3574 837 3658; x_wconf 75' lang='lat' dir='ltr'><strong>regi</strong></span> <span class='ocrx_word' id='word_1_245' title='bbox 870 3574 979 3648; x_wconf 72' lang='lat' dir='ltr'><strong>dedit,</strong></span> <span class='ocrx_word' id='word_1_246' title='bbox 1008 3573 1120 3633; x_wconf 51' lang='lat' dir='ltr'><strong>sibilo</strong></span> 
     </span>
    </p>
   </div>
   <div class='ocr_carea' id='block_1_3' title="bbox 43 3737 1209 3898">
    <p class='ocr_par' dir='ltr' id='par_1_9' title="bbox 43 3737 1209 3898">
     <span class='ocr_line' id='line_1_34' title="bbox 43 3737 1209 3829; baseline -0.013 -18"><span class='ocrx_word' id='word_1_247' title='bbox 43 3761 367 3816; x_wconf 64' lang='lat' dir='ltr'><strong>¹5¹⁶³¹⁰mtmerewam</strong></span> <span class='ocrx_word' id='word_1_248' title='bbox 432 3788 468 3828; x_wconf 76' lang='lat'><strong>24.</strong></span> <span class='ocrx_word' id='word_1_249' title='bbox 482 3772 509 3819; x_wconf 86' lang='lat' dir='ltr'><strong>in</strong></span> <span class='ocrx_word' id='word_1_250' title='bbox 519 3772 597 3820; x_wconf 78' lang='lat' dir='ltr'><strong>modio</strong></span> <span class='ocrx_word' id='word_1_251' title='bbox 606 3771 700 3829; x_wconf 76' lang='lat' dir='ltr'><strong>positis,</strong></span> <span class='ocrx_word' id='word_1_252' title='bbox 709 3769 877 3828; x_wconf 64' lang='lat' dir='ltr'><strong>lyinzotento</strong></span> <span class='ocrx_word' id='word_1_253' title='bbox 887 3760 933 3804; x_wconf 73' lang='grc' dir='ltr'><strong>αῑῑ.</strong></span> <span class='ocrx_word' id='word_1_254' title='bbox 995 3737 1209 3797; x_wconf 42' lang='lat' dir='ltr'><strong>§.vmxssstss</strong></span> 
     </span>
     <span class='ocr_line' id='line_1_35' title="bbox 260 3825 1026 3898; baseline -0.022 -6"><span class='ocrx_word' id='word_1_255' title='bbox 260 3832 382 3892; x_wconf 58' lang='lat' dir='ltr'><strong>mouth,</strong></span> <span class='ocrx_word' id='word_1_256' title='bbox 390 3840 501 3886; x_wconf 67' lang='lat' dir='ltr'><strong>carrad</strong></span> <span class='ocrx_word' id='word_1_257' title='bbox 511 3841 552 3887; x_wconf 71' lang='lat' dir='ltr'><strong>tis</strong></span> <span class='ocrx_word' id='word_1_258' title='bbox 558 3843 642 3898; x_wconf 73' lang='lat' dir='ltr'><strong>point.</strong></span> <span class='ocrx_word' id='word_1_259' title='bbox 702 3853 741 3894; x_wconf 58' lang='grc' dir='ltr'><strong>ῃ.</strong></span> <span class='ocrx_word' id='word_1_260' title='bbox 755 3829 917 3878; x_wconf 57' lang='grc' dir='ltr'><strong>αὰωκιωιῑθ</strong></span> <span class='ocrx_word' id='word_1_261' title='bbox 927 3825 1026 3862; x_wconf 51' lang='lat'><strong>‘&#39;⁸⁸⁸‘&#39;</strong></span> 
     </span>
    </p>
   </div>
   <div class='ocr_carea' id='block_1_4' title="bbox 0 0 1242 4036">
    <p class='ocr_par' dir='ltr' id='par_1_10' title="bbox 0 0 1242 4036">
     <span class='ocr_line' id='line_1_36' title="bbox 0 0 1242 4036; baseline 0 0"><span class='ocrx_word' id='word_1_262' title='bbox 0 0 1242 4036; x_wconf 95' lang='lat' dir='ltr'><strong> </strong></span> 
     </span>
    </p>
   </div>
  </div>
 </body>
</html>
