2476 4036
128 161 150 224 6
280 218 284 222 .
498 160 535 239 Q
564 159 661 225 Curti
680 161 764 243 Rufi

128 343 255 407 duratis
278 343 499 426 repellentur!
547 343 622 406 Pari
652 345 770 408 robore
793 365 876 427 opus
900 353 959 408 est.
1009 346 1048 408 In
1075 346 1132 410 illa

126 456 223 522 terra,
238 468 321 530 quae
337 447 398 510 hos
415 447 541 529 genuit,
555 447 675 511 auxilia
691 448 880 530 quaerenda
896 457 990 512 sunt:
1016 469 1131 531 argen-

126 561 198 614 tum
231 552 322 615 istud
354 562 454 634 atque
485 573 601 614 aurum
626 554 668 615 ad
700 553 954 616 conducendum
989 552 1128 617 militem

79 679 109 732 17
126 655 253 719 mitte.”
301 657 382 719 Erat
414 657 526 719 Dareo
557 657 637 720 mite
670 677 708 720 ac
738 656 912 720 tractabile
946 655 1128 738 ingenium,

126 760 192 823 nisi
215 760 315 823 etiam
340 771 494 823 naturam
515 760 711 844 plerumque
733 761 868 824 fortuna
891 772 1126 843 corrumperet.
1170 789 1182 827 ⁵

127 863 246 946 Itaque
274 864 424 927 veritatis
459 863 626 946 inpatiens
664 865 830 947 hospitem
862 885 900 928 ac
932 866 1126 948 supplicem,

124 976 206 1030 tunc
223 988 298 1031 cum
318 967 459 1030 maxime
475 969 568 1031 utilia
584 970 790 1043 suadentem,
807 969 955 1032 abstrahi
973 970 1069 1034 iussit
1085 972 1127 1034 ad

78 1083 109 1133 18
126 1071 267 1153 capitale
292 1072 500 1153 supplicium.
549 1071 610 1134 Ille
636 1092 679 1135 ne
706 1082 777 1135 tum
802 1073 935 1154 quidem
963 1074 1126 1136 libertatis

125 1175 268 1239 oblitus:
309 1173 490 1250 “Habeo'’
522 1175 640 1258 inquit,
675 1182 854 1258 “paratum
885 1177 1001 1241 mortis
1032 1198 1126 1241 meae

125 1278 286 1342 ultorem:
313 1289 446 1360 expetet
471 1299 596 1360 poenas
620 1279 750 1343 consilii
775 1280 841 1343 mci
862 1280 966 1362 spreti
991 1280 1019 1344 is
1043 1281 1123 1363 ipse,
1152 1303 1178 1341 10

125 1392 242 1446 contra
261 1403 359 1465 quem
383 1383 444 1445 tibi
474 1383 571 1446 suasi.
630 1383 683 1446 Tu
708 1384 841 1467 quidem
869 1383 1003 1448 licentia
1029 1385 1125 1467 regni

125 1495 193 1548 tam
239 1486 349 1550 subito
394 1496 541 1550 mutatus
580 1488 818 1551 documentum
862 1488 926 1551 eris
971 1489 1123 1571 posteris,

125 1590 285 1664 homines,
304 1611 379 1653 cum
404 1611 440 1654 se
464 1591 645 1672 permisere
667 1591 829 1666 fortunae,
848 1592 948 1654 etiam
972 1602 1123 1655 naturam

125 1692 325 1757 dediscere.”
374 1694 748 1770 Haecvociferantem,
774 1695 895 1777 quibus
926 1696 1123 1778 imperatum

78 1817 108 1867 19
126 1807 206 1872 erat,
223 1797 384 1879 iugulant.
433 1798 515 1861 Sera
530 1798 651 1861 deinde
666 1799 873 1881 paenitentia
888 1799 990 1862 subiit
1009 1820 1123 1882 regem
1151 1821 1175 1859 15

126 1921 164 1966 ac
179 1921 257 1964 vera
272 1900 395 1964 dixisse
412 1902 586 1965 confessus
603 1902 735 1984 sepeliri
751 1922 827 1965 eum
843 1902 948 1967 iussit.

537 2153 619 2217 CAP.
647 2154 710 2217 ΙΙΙ.

94 2344 105 2381 ι
168 2321 361 2406 Thymodes
387 2329 468 2396 erat,
494 2321 658 2384 Mentoris
682 2320 779 2396 filius,
805 2319 947 2403 impiger
976 2320 1123 2386 iuvenis:
1157 2333 1174 2392 6

126 2425 180 2489 cui
196 2434 410 2507 praeceptum
430 2435 481 2488 est
500 2445 520 2487 a
538 2445 626 2507 rege,
643 2433 680 2486 ut
703 2445 819 2488 omnes
836 2425 1028 2507 peregrinos
1045 2426 1123 2488 mili-

126 2539 187 2604 teS,
213 2529 247 2591 in
278 2529 351 2610 quis
381 2528 559 2610 plurimum
590 2528 734 2591 habebat
765 2529 845 2610 spei,
871 2550 890 2592 a
913 2530 1124 2593 Pharnabazo

125 2633 309 2714 acciperet:
341 2652 440 2713 opera
471 2653 585 2694 eorum
617 2653 754 2695 usurum
786 2653 822 2694 se
849 2632 883 2694 in
911 2633 1008 2696 bello.
1055 2634 1124 2715 Ipsi
1151 2663 1176 2700 20

127 2736 338 2799 Pharnabazo
368 2736 470 2798 tradit
500 2735 684 2816 imperium,
709 2737 797 2817 quod
827 2745 926 2798 antea
951 2736 1124 2800 Memnoni

125 2841 270 2904 dederat.

93 2970 108 3006 2
169 2944 319 3007 Anxium
343 2946 385 3007 de
409 2943 612 3006 instantibus
637 2942 724 3006 curis
748 2941 918 3024 agitabant
943 2942 1042 3006 etiam
1066 2963 1125 3025 per

126 3068 280 3111 somnum
296 3048 425 3130 species
447 3046 693 3109 imminentium
712 3066 830 3121 rerum,
849 3045 918 3108 sive
934 3046 1006 3108 illas
1023 3046 1125 3128 aegri·

126 3153 215 3227 tud0,
249 3152 319 3215 sive
351 3151 511 3215 divinatio
548 3149 649 3212 animi
683 3149 924 3231 praesagientis
961 3151 1122 3214 accersiit.
1151 3178 1176 3216 25

93 3256 246 3320 3Castra
271 3255 455 3319 Alexandri
481 3275 602 3336 magno
626 3254 713 3336 ignis
743 3253 872 3336 fulgore
897 3253 1071 3318 conlucere
1095 3254 1125 3318 ei

125 3360 196 3423 visa
218 3370 297 3422 sunt
321 3368 355 3422 et
378 3359 475 3442 paulo
499 3367 575 3441 post
597 3357 790 3421 Alexander
810 3359 928 3422 adduci
950 3362 991 3422 ad
1016 3360 1124 3442 ipsum

126 3464 160 3527 in
185 3484 224 3526 eo
245 3463 349 3526 vestis
372 3463 496 3538 habitu,
519 3483 584 3545 quo
607 3464 769 3545 quondam
793 3463 865 3545 ipse
887 3463 1016 3539 fuisset,
1041 3484 1125 3546 equo

119 3567 244 3628 deinde
264 3587 333 3648 per
355 3567 529 3656 Babylona
556 3577 675 3632 vectus
706 3567 817 3632 subito
841 3588 920 3632 cum
943 3567 1018 3650 ipso
1041 3588 1128 3647 equo

15 3739 345 3812 Ml‘wfflae‘m‘mlb·
403 3780 425 3819 7·
440 3766 615 3821 cummaxime,
625 3769 767 3822 especially.
823 3757 1058 3819 19,q,2·ffi=quh>us·
1111 3757 1222 3797 ‘mm'

480 3831 649 3888 minuam
662 3846 756 3888 sag-ax.
