2476 4036
106 160 149 227 70
476 144 513 224 Q,
541 143 637 210 Curti
655 145 739 228 Rufi

106 328 279 412 portendi:
316 336 496 413 veteraque
534 328 686 411 exempla
722 337 923 411 percensent
962 328 1110 394 Persidis

106 452 231 516 regum,
251 453 333 517 quos
349 432 496 497 adversis
517 433 568 497 dis
591 452 761 516 pugnasse
783 432 881 497 lunae
904 434 1109 497 ostendisset

73 536 259 601 ⁷defectio.
322 537 424 601 Nulla
453 557 506 601 res
537 536 787 601 multitudinem
817 537 985 602 efficacius
1020 537 1109 620 regit

106 661 204 723 quam
221 641 434 722 superstitio:
456 641 603 725 alioquin
619 641 784 723 inpotens,
802 661 910 717 saeva,
925 641 1107 718 mutabilis,

106 744 164 808 ubi
187 765 272 808 vana
298 745 459 828 religione
482 755 580 827 capta
606 755 668 821 est,
693 745 812 809 melius
839 745 982 821 vatibus,
1007 766 1107 828 quam
1146 763 1160 804 s

105 848 245 913 ducibus
263 850 331 913 suis
346 859 448 932 paret.
497 848 606 933 Igitur
620 849 711 912 edita
727 849 762 912 in
777 848 900 932 vulgus
922 849 1110 935 Aegyptio-

106 974 178 1017 rum
206 973 365 1036 responsa
390 974 505 1017 rursus
531 955 573 1016 ad
600 973 694 1035 spem
725 963 760 1017 et
790 953 945 1017 fiduciam
972 973 1108 1017 erexere

73 1066 286 1139 8t0rpentes.
343 1058 417 1121 Rex
447 1057 575 1139 impetu
606 1057 791 1120 animorum
821 1057 983 1121 utendum
1014 1064 1159 1126 ratus4o

106 1162 253 1225 secunda
268 1160 379 1243 vigilia
394 1171 505 1225 castra
520 1161 645 1228 movit:
667 1162 783 1224 dextra
798 1160 927 1244 Tigrim
950 1161 1105 1238 habebat,

72 1281 89 1332 9
105 1265 230 1329 alaeva
245 1274 387 1339 montes,
401 1285 485 1348 quos
502 1264 694 1350 Gordyaeos
710 1274 842 1330 vocant.
890 1265 967 1328 Hoc
982 1265 1108 1348 ingres·
1133 1283 1160 1324 lo

106 1368 152 1432 sis
175 1368 240 1433 iter
262 1369 497 1450 speculatores,
522 1368 579 1452 qui
601 1368 775 1450 praemissi
798 1377 903 1445 erant,
929 1369 992 1431 sub
1021 1367 1106 1433 lucis

106 1482 215 1536 ortum
247 1473 394 1536 Dareum
423 1474 604 1537 adventare
635 1471 881 1536 nuntiaverunt.
933 1473 1106 1537 Instructo

58 1598 90 1638 ro
106 1577 207 1659 igitur
229 1576 335 1639 milite
351 1585 386 1639 et
402 1577 578 1658 conposito
601 1575 736 1660 agmine
759 1575 987 1640 antecedebat.
1038 1575 1106 1640 Sed

107 1682 278 1745 Persarum
304 1690 487 1744 moratores
510 1690 614 1756 erant,
632 1681 722 1744 mille
743 1680 857 1756 ferme,
879 1680 935 1762 qui
958 1680 1105 1762 speciem

106 1785 217 1868 magni
241 1785 383 1868 agminis
405 1785 575 1849 fecerant:
606 1785 729 1868 quippe
752 1784 810 1847 ubi
833 1784 994 1865 explorari
1024 1805 1104 1849 vera
1134 1802 1159 1842 rs

60 1917 85 1952 11
106 1910 173 1952 non
185 1900 336 1971 possunt,
349 1889 434 1952 falsa
449 1909 509 1970 per
524 1899 651 1952 metum
663 1898 836 1971 augentur.
878 1888 945 1951 His
961 1888 1105 1971 cognitis

105 2013 162 2057 rex
174 2013 248 2056 cum
262 1993 374 2075 paucis
388 2014 522 2056 suorum
535 1994 714 2056 adsecutus
730 2012 850 2075 agmen
866 1991 1106 2074 refugientium

105 2098 146 2160 ad
158 2117 237 2161 suos
249 2097 330 2159 alios
347 2097 476 2173 cecidit,
490 2096 580 2178 cepit
596 2097 698 2160 alios:
722 2096 918 2179 equitesque
933 2096 1106 2177 praemisit

106 2200 322 2282 speculatum,
339 2200 437 2263 simul
454 2210 491 2264 ut
508 2200 629 2282 ignem,
647 2220 712 2283 quo
728 2199 860 2263 barbari
876 2210 1106 2264 cremaverant

58 2327 88 2366 12
104 2303 205 2378 vicos,
223 2303 463 2385 extinguerent.
513 2304 646 2386 Quippe
668 2303 837 2386 fugientes
861 2303 981 2385 raptim
1004 2304 1106 2368 tectis
1132 2325 1159 2366 n

104 2407 296 2489 acervisque
312 2407 471 2470 frumenti
487 2407 669 2471 iniecerant
686 2407 844 2483 flammas,
862 2427 947 2490 quae
970 2427 1047 2471 cum
1069 2407 1106 2472 ln

105 2531 234 2574 summo
261 2509 454 2586 haesissent,
483 2512 523 2574 ad
551 2510 708 2574 inferiora
734 2512 882 2574 nondum
913 2520 1107 2593 penetrave-

57 2633 87 2685 13
106 2624 188 2678 rant.
237 2613 396 2676 Extincto
413 2614 515 2696 igitur
531 2615 609 2698 igne
625 2614 803 2696 plurimum
819 2612 979 2678 frumenti
998 2634 1107 2696 reper-

104 2728 176 2781 tum
207 2728 280 2781 est:
319 2717 414 2798 copia
443 2717 581 2781 aliarum
618 2738 749 2801 quoque
786 2738 896 2781 rerum
935 2718 1106 2784 abundare

104 2830 292 2904 coeperunt.
342 2821 393 2883 Ea
407 2841 461 2884 res
477 2821 549 2903 ipsa
569 2822 666 2884 militi
683 2823 725 2885 ad
740 2822 1007 2905 persequendum
1031 2823 1106 2887 hos·
1132 2847 1159 2887 2⁵

103 2936 172 2989 tem
188 2924 333 2989 animum
350 2921 518 2989 incendit:
542 2925 663 3007 quippe
679 2935 795 2989 urente
812 2935 845 2989 et
861 2925 1043 3008 populante
1064 2947 1106 2991 eo

103 3039 224 3092 terram
251 3029 479 3093 festinandum
506 3039 586 3104 erat,
615 3049 658 3092 ne
684 3028 838 3093 incendio
865 3039 987 3094 cuncta
1013 3050 1107 3113 prae-

56 3154 86 3203 14
104 3133 238 3215 ciperet.
300 3133 340 3195 ln
373 3133 534 3196 rationem
565 3153 645 3214 ergo
676 3133 860 3197 necessitas
897 3154 994 3197 versa
1031 3143 1105 3199 est:

103 3238 226 3321 quippe
254 3237 420 3312 Mazaeus,
449 3236 505 3319 qui
532 3246 631 3299 antea
657 3257 716 3319 per
743 3239 847 3301 otium
874 3238 965 3301 vicos
992 3237 1106 3302 incen-

102 3343 205 3417 derat,
223 3341 287 3405 iam
312 3339 428 3423 fugere
451 3349 629 3403 contentus
653 3341 809 3422 pleraque
833 3340 991 3403 inviolata
1014 3341 1105 3406 hosti
1133 3369 1159 3408 oo

52 3465 83 3514 ¹5
102 3445 244 3527 reliquit.
291 3446 484 3508 Alexander
500 3445 587 3509 haud
604 3444 736 3526 longius
753 3464 795 3508 cn
812 3445 928 3508 stadiis
953 3445 1104 3510 Dareum

76 3561 99 3600 a
114 3564 158 3607 se
170 3548 299 3611 abesse
311 3556 522 3633 conpererat.
573 3548 691 3632 Itaque
705 3549 747 3611 ad
763 3548 954 3612 satietatem
970 3569 1106 3632 quoque

67 3730 92 3768 ⁴¹
107 3723 376 3799 fflfflffireeneraay.
434 3760 470 3804 ¹⁴·
485 3755 627 3800 moratores,
635 3741 807 3798 delaycrs,i.e.
816 3738 946 3790 straggurs
956 3735 1028 3776 inste
1037 3747 1107 3776 nor.
