2476 4036
153 176 194 243 50
509 162 558 257 *Q
586 163 682 230 Curti
702 165 785 250 Rufi

149 344 335 411 minoribus
358 347 499 432 navigiis
521 348 646 413 relictis
669 348 704 412 in
726 349 844 413 litore:
867 369 886 413 e
912 348 1034 433 quibus
1058 349 1148 437 Tyrii

150 450 280 513 duobus
295 451 402 533 captis
426 432 550 516 cetera*
560 452 690 535 ingenti
712 462 901 517 terruerunt
924 463 1028 530 metu,
1045 456 1149 520 donec

150 573 284 616 suorum
315 555 458 619 clamore
488 557 602 619 audito
634 556 827 619 Alexander
850 556 990 620 classem
1014 557 1151 634 litori,a

118 684 132 737 7
150 678 215 740 quo
237 656 390 722 fremitus
414 660 612 734 acciderant,
630 661 786 723 admovit.
835 661 945 724 Prima
961 681 980 724 e
997 661 1151 726 Macedo

149 782 230 825 num
262 761 402 825 navibus
429 764 675 845 quinqueremis
702 764 880 828 velocitate
906 765 994 827 inter
1019 775 1150 830 ceteras
1180 789 1189 829 t

150 865 301 928 eminens
326 867 478 942 occurrit,
502 887 600 949 quam
626 877 662 929 ut
688 888 891 949 conspexere
917 868 1049 953 Tyriae,
1067 870 1152 933 duae

149 990 190 1033 ex
213 969 343 1035 diverso
366 969 400 1032 in
424 970 528 1033 latera
559 971 629 1033 eius
654 971 805 1034 invectae
837 981 925 1047 sunt,
944 973 978 1034 in
1010 992 1152 1055 quarum

148 1073 286 1137 alteram
310 1072 557 1155 quinqueremis
581 1074 747 1138 concitata
770 1075 884 1138 eadem
902 1085 936 1139 et
953 1075 1026 1157 ipsa
1042 1085 1152 1140 rostro

115 1176 216 1240 8icta
238 1186 289 1240 est
313 1187 346 1240 et
370 1176 459 1240 illam
484 1177 626 1242 invicem
658 1177 776 1241 tenuit.
826 1179 963 1262 Iamque
994 1199 1042 1256 ea,
1065 1200 1152 1263 quae

148 1301 215 1343 non
239 1281 445 1356 cohaerebat,
466 1281 570 1344 libero
596 1282 722 1363 impetu
746 1292 862 1346 evecta
886 1283 920 1345 in
944 1282 1033 1347 aliud
1058 1284 1154 1367 quin·
1176 1310 1189 1350 n

148 1384 313 1468 queremis
336 1384 424 1449 latus
442 1384 681 1449 invehebatur:
704 1406 780 1449 curn
796 1387 1046 1468 opportunitate
1067 1388 1154 1452 mira

147 1488 291 1552 triremis
302 1509 320 1552 e
330 1489 437 1552 classe
449 1489 630 1552 Alexandri
643 1488 676 1551 in
687 1509 759 1552 eam
770 1489 885 1571 ipsam,
897 1510 981 1572 quae
992 1491 1154 1574 quinque·

148 1593 231 1657 remi
253 1592 446 1669 inminebat,
464 1603 559 1656 tanta
573 1593 605 1655 vi
623 1594 752 1676 irqoulsa
767 1605 822 1668 cst,
840 1604 877 1658 ut
894 1594 1016 1679 Tyrius
1032 1597 1153 1679 guber-

114 1707 245 1764 9nator
274 1697 309 1759 in
340 1718 429 1761 mare
456 1708 666 1761 excuteretur
689 1717 707 1760 e
729 1697 840 1779 puppi.
889 1699 1004 1762 Plures
1027 1700 1152 1764 deinde

149 1803 369 1866 Macedonum
383 1821 485 1865 naves
498 1801 744 1883 superveniunt,
757 1812 791 1864 et
803 1823 860 1865 rex
872 1823 1003 1885 quoque
1018 1803 1152 1869 aderat:
1177 1833 1189 1872 1

148 1927 223 1970 cum
236 1906 328 1990 Tyrii
344 1905 533 1968 inhibentes
545 1905 644 1968 remis
656 1925 755 1987 aegre
768 1906 908 1970 evellere
923 1925 1051 1982 navem,
1063 1926 1152 1990 quae

148 2011 314 2085 haerebat,
337 2022 535 2092 portumque
560 2009 670 2072 omnia
695 2009 792 2072 simul
820 2009 952 2092 navigia
978 2018 1148 2093 repetunt.

149 2113 334 2178 Confestim
352 2134 410 2177 rex
432 2114 603 2177 insecutus
626 2123 758 2195 portum
782 2114 915 2196 quidem
940 2113 1064 2177 intrare
1080 2134 1151 2178 non

147 2218 265 2301 potuit,
283 2239 359 2281 cum
382 2218 496 2299 procul
513 2239 531 2280 e
547 2218 649 2280 muris
669 2217 848 2281 missilibus
872 2227 1149 2296 summoveretur,

148 2343 248 2386 naves
265 2332 376 2385 autem
394 2342 509 2386 omnes
524 2322 596 2385 fere
611 2331 668 2385 aut
683 2321 841 2384 demersit
858 2331 914 2385 aut
930 2321 1027 2403 cepit.
1175 2348 1189 2388 a

100 2451 131 2489 ιο
191 2426 298 2490 Biduo
314 2425 435 2489 deinde
457 2426 499 2489 ad
523 2426 669 2508 quietem
693 2425 770 2488 dato
794 2424 956 2488 militibus
980 2423 1149 2508 iussisque
1164 2432 1189 2493 11

147 2539 182 2594 et
205 2530 346 2595 classem
363 2538 397 2593 et
415 2530 583 2594 machinas
598 2529 723 2612 pariter
744 2530 929 2603 admovere,
947 2537 984 2593 ut
1000 2529 1149 2612 undique

147 2634 272 2698 territis
296 2635 446 2709 instaret,
471 2634 542 2716 ipse
566 2633 600 2696 in
624 2633 820 2697 altissimam
844 2642 970 2696 turrem
993 2633 1148 2698 ascendit

101 2763 127 2799 rr
148 2738 276 2822 ingenti
292 2739 413 2814 animo,
431 2739 576 2820 periculo
593 2737 736 2802 maiore:
759 2737 882 2820 quippe
905 2735 997 2819 regio
1022 2736 1149 2820 insigni

148 2852 181 2906 et
197 2843 297 2907 armis
312 2842 521 2925 fulgentibus
538 2841 737 2923 conspicuus
757 2861 844 2903 unus
868 2840 1045 2922 praecipue
1068 2840 1148 2906 telis
1176 2866 1189 2906 2

147 2948 332 3029 petebatur.
381 2947 424 3010 Et
442 2946 542 3028 digna
558 2965 692 3027 prorsus
710 2944 900 3025 spectaculo
919 2944 1043 3008 edidit:
1066 2944 1149 3008 mul-

147 3060 200 3113 tos
224 3071 243 3113 e
266 3050 368 3113 muris
393 3058 642 3132 propugnantes
666 3049 761 3111 hasta
784 3047 959 3123 transfixit,
984 3047 1147 3130 quosdam

147 3153 247 3218 etiam
272 3153 456 3217 comminus
483 3153 592 3236 gladio
616 3152 786 3234 clipeoque
816 3152 965 3234 inpulsos
988 3151 1149 3233 praecipi-

147 3257 241 3333 tavit,
258 3257 380 3341 quippe
395 3257 506 3332 turris
524 3277 563 3320 ex
580 3278 644 3339 qua
666 3256 854 3331 dimicabat,
872 3255 975 3318 muris
995 3254 1147 3318 hostium

100 3387 130 3423 12
147 3362 385 3444 propemodum
412 3361 619 3425 cohaerebat.
675 3361 813 3443 Iamque
837 3359 961 3423 crebris
984 3358 1147 3424 arietibus
1174 3386 1189 3426 a

148 3485 300 3528 saxorum
332 3485 481 3547 conpage
508 3463 621 3529 laxata
650 3465 858 3528 munimenta
887 3449 1080 3527 defecerant
1111 3471 1148 3527 et

146 3567 262 3632 classis
286 3568 469 3642 intraverat
488 3578 624 3654 portum
649 3578 684 3633 et
708 3569 842 3653 quidam
864 3567 1087 3631 Macedonum
1111 3565 1148 3630 in

49 3747 85 3786 ¹5·
104 3749 236 3801 &fithom
249 3761 328 3819 remu,
342 3762 454 3824 bachae
464 3771 555 3813 mater.
628 3767 662 3810 26.
683 3756 788 3817 prorsus,
804 3758 882 3811 truly·
925 3750 995 3802 ἂψ
1007 3743 1189 3798 mmm&

579 3831 683 3887 lacking
695 3831 733 3872 at.
