2476 4036
276 201 506 266 Historiarum
528 200 716 266 Alexandri
735 200 800 278 ΙΙΙ,
824 219 855 286 9,
884 219 930 268 10.
1064 221 1103 284 23

101 396 241 472 aspectu
263 385 372 451 territi
395 387 611 470 profugerant
634 405 738 470 eaque
763 407 815 451 res
838 386 1030 452 Alexandro
1057 399 1106 453 tu-

102 502 177 557 tum
206 491 349 574 agminis
380 491 476 567 latus,
505 492 602 574 quod,
629 512 671 556 ne
699 511 843 574 superne
872 490 1103 569 incesseretur,

103 599 270 674 timuerat,
287 598 464 681 praestitit.
515 597 599 681 [xxx
617 607 650 662 et
666 598 732 660 duo
747 606 948 661 armatorum
972 598 1105 662 ordines
1125 623 1155 661 12

104 705 208 780 ibant,
232 704 453 789 nequeenim
478 705 578 770 latius
604 704 738 769 extendi
763 704 867 768 aciem
893 704 1106 788 patiebantur

63 832 78 872 s
104 811 288 894 angustiae,
340 810 504 890 Paulatim
527 810 647 874 deinde
670 810 779 873 laxare
802 828 877 872 sese
900 808 993 872 sinus
1016 828 1107 871 mon-

104 914 188 979 tium
206 925 241 978 et
258 913 364 979 maius
381 915 524 996 spatium
549 913 676 996 aperire
699 920 887 994 coeperant,
905 912 954 975 ita
977 921 1013 975 ut
1037 932 1105 975 non

105 1019 208 1101 pedes
224 1018 331 1082 solum
348 1018 463 1082 ordine
478 1017 642 1094 incedere,
660 1016 720 1080 sed
739 1015 841 1080 etiam
863 1015 1023 1080 lateribus
1046 1016 1107 1079 cir·

106 1121 279 1187 cunriundi
293 1131 408 1205 posset
424 1120 617 1206 equitatus]

529 1372 610 1437 Cor.
638 1372 680 1438 X.

55 1537 93 1599 25
151 1541 222 1606 Iam
246 1538 282 1605 in
306 1549 499 1623 conspectu,
526 1540 585 1604 sed
610 1549 704 1604 extra
729 1539 789 1603 teli
818 1537 941 1604 iactum
967 1547 1107 1624 utraque
1142 1561 1154 1600 ι

56 1667 81 1707 10
107 1645 196 1710 acies
213 1652 293 1720 erat,
310 1665 386 1708 cum
404 1644 530 1727 priores
547 1645 666 1707 Persae
688 1643 896 1708 inconditum
919 1653 953 1707 et
976 1654 1105 1708 trucem

106 1747 273 1813 sustulere
303 1748 487 1812 clamorem.
546 1747 711 1811 Redditur
740 1756 774 1811 et
804 1768 825 1812 a
855 1747 1105 1822 Macedonibus,
1141 1772 1158 1817 a

107 1852 211 1916 maior
226 1851 389 1916 exercitus
402 1871 549 1928 numero,
562 1850 647 1934 iugis
659 1851 822 1915 montium
835 1851 1005 1935 vastisque
1020 1851 1109 1915 salti-

106 1957 169 2021 bus
185 1976 420 2038 repercussus:
443 1955 566 2038 quippe
582 1976 714 2038 semper
736 1955 950 2020 circumiecta
972 1975 1108 2019 nemora

106 2069 297 2142 petraeque,
314 2069 617 2142 quantamcumque
633 2079 792 2142 accepere
807 2080 933 2137 vocem,
952 2059 1109 2142 multipli-
1162 2039 1168 2050 ⁵

56 2187 82 2227 15
107 2174 182 2228 cato
195 2184 277 2228 sono
293 2164 451 2227 referunt.
493 2164 685 2227 Alexander
700 2173 779 2227 ante
794 2164 900 2246 prima
915 2164 1012 2246 signa
1027 2163 1105 2239 ibat,
1141 2181 1159 2235 3

107 2268 289 2332 identidem
305 2288 406 2331 manu
423 2288 500 2332 suos
517 2268 681 2343 inhibens,
699 2288 742 2331 ne
758 2268 912 2349 suspensi
932 2267 1041 2332 acrius
1064 2268 1107 2331 ob

107 2372 243 2436 nimiam
272 2372 524 2437 festinationem
556 2372 723 2436 concitato
747 2372 865 2453 spiritu
892 2381 1107 2453 capesserent

107 2476 277 2559 proelium.
335 2476 487 2559 Cumque
517 2475 643 2558 agmini
673 2475 890 2558 obequitaret,
917 2475 1007 2539 varia
1037 2495 1107 2538 ora·
1140 2495 1159 2547 4

106 2580 207 2656 tione,
225 2589 263 2643 ut
279 2579 439 2662 cuiusque
455 2578 574 2643 animis
589 2587 705 2660 aptum
722 2590 802 2654 erat,
816 2579 939 2644 milites
955 2580 1109 2662 adloque-

55 2707 82 2748 ω
107 2684 213 2748 batur.
262 2683 473 2760 Macedones,
490 2692 542 2746 tot
567 2683 729 2747 bellorum
745 2683 779 2746 in
796 2684 931 2765 Europa
953 2683 1106 2759 victores

106 2788 148 2851 ad
175 2786 394 2869 subigendam
425 2786 544 2851 Asiam
574 2797 675 2871 atque
704 2787 822 2850 ultima
852 2786 1012 2862 Orientis,
1040 2807 1107 2850 non

107 2890 212 2974 ipsius
238 2891 355 2974 magis,
381 2911 480 2974 quam
507 2912 567 2956 suo
594 2893 697 2956 ductu
723 2890 874 2973 profecti,
902 2890 1108 2955 inveteratae

106 2993 239 3059 virtutis
262 2996 535 3060 admonebantur.
584 2995 663 3059 lllos
688 3004 851 3058 terrarum
874 2993 963 3058 orbis
992 2993 1109 3058 libera·
1142 3010 1157 3068 ς

106 3107 216 3163 tores:
239 3119 460 3183 emensosque
475 3099 553 3164 olim
571 3098 728 3182 Herculis
744 3108 778 3162 et
796 3097 909 3163 Liberi
924 3097 1029 3181 patris
1044 3106 1109 3161 ter·

56 3225 81 3266 as
107 3201 215 3265 minos
231 3223 299 3267 non
316 3203 427 3266 Persis
442 3204 550 3277 modo,
568 3204 627 3268 sed
649 3203 749 3266 etiam
773 3201 927 3265 omnibus
949 3201 1108 3284 gentibus

107 3305 321 3388 imposituros
353 3306 475 3389 iugum.
524 3308 746 3371 Macedonum
770 3304 957 3388 provincias
988 3305 1110 3370 Bactra

107 3420 141 3474 et
158 3411 260 3475 Indos
275 3411 355 3476 fore.
404 3411 545 3475 Minima
566 3431 649 3486 esse,
666 3430 752 3494 quae
775 3430 865 3474 nunc
887 3409 1106 3484 intuerentur,

107 3515 167 3578 sed
182 3515 294 3579 omnia
312 3515 451 3580 victoria
474 3515 600 3597 aperiri.
649 3515 727 3578 Non
744 3513 777 3577 in
793 3514 980 3596 praeruptis
1004 3512 1107 3594 petris
1142 3529 1160 3583 6

100 3618 290 3702 Illyriorum
315 3628 350 3685 et
374 3621 543 3688 Thraciae
567 3619 660 3688 saxis
682 3619 841 3686 sterilem
856 3617 1023 3681 biberem
1041 3614 1139 3678 nere,

1221 3768 1225 3790 1

25 3809 47 3839 ⁸¹
60 3806 240 3858 misma
248 3810 333 3857 above·
385 3831 423 3861 12.
439 3818 524 3872 maior,
533 3835 569 3866 se.
580 3821 681 3865 clamor.
721 3775 1216 3862 „mmmmmnumbtn'ww*

222 3877 383 3926 “cordam
394 3886 461 3931 wz'th
472 3887 519 3932 tlte
527 3887 651 3933 number.
695 3885 735 3930 sb·
750 3875 896 3926 medem.
905 3855 1067 3920 retinuisti-
