2476 4036
132 175 151 235 8
504 173 540 252 Q.
570 172 666 238 Curti
685 176 768 258 Rufi

129 364 192 420 tur.
240 355 375 420 Aureae
398 357 510 439 virgae
533 367 566 421 et
595 358 689 422 albae
712 368 823 422 vestes
851 370 1006 442 regentes
1030 381 1131 443 equos

1 465 3 478 ¹
83 484 113 519 12
129 461 341 525 adornabant.
399 462 501 524 Haud
538 463 652 545 procul
691 473 786 536 erant
823 464 975 527 vehicula
1015 465 1130 528 decem

83 587 112 637 ¹3
130 563 234 627 multo
266 586 345 628 auro
376 575 581 648 argentoque
612 567 747 630 caelata.
805 568 1015 651 Sequebatur
1049 569 1130 632 haec

130 669 297 750 equitatus
314 669 488 733 duodecim
509 671 660 752 gentium
676 671 775 734 variis
797 672 897 734 armis
915 681 947 734 et
971 673 1127 736 moribus.

131 772 272 835 Proximi
303 774 404 848 ibant,
431 794 513 855 quos
546 775 667 837 Persae
699 775 910 838 Immortales
932 787 1063 850 vocant,
1089 777 1130 839 ad
1170 793 1183 832 ὁ
1234 828 1236 831 .

129 876 243 939 decem
275 877 373 940 milia.
422 876 540 940 Cultus
564 878 753 959 opulentiae
776 880 935 942 barbarae
958 900 1024 941 non
1049 879 1129 942 alios

129 980 234 1062 magis
266 981 485 1044 honestabat:
517 982 564 1043 illi
594 1002 710 1045 aureos
746 992 890 1064 torques,
922 983 969 1046 illi
1000 993 1129 1046 vestem

128 1104 207 1146 auro
224 1084 416 1147 distinctam
433 1086 600 1148 habebant
622 1086 870 1168 manicatasque
885 1087 1023 1162 tunicas
1042 1107 1130 1169 gem-

81 1210 112 1258 14
129 1188 191 1250 mis
209 1188 309 1250 etiam
325 1189 509 1252 adornatas.
559 1189 690 1271 Exiguo
714 1189 895 1265 intervallo,
914 1211 996 1272 quos
1013 1212 1130 1273 cogna-

125 1301 181 1354 tos
198 1292 286 1373 regis
303 1292 478 1373 appellant,
497 1294 611 1356 decem
629 1303 663 1355 et
679 1293 825 1376 quinque
841 1294 931 1356 milia
946 1294 1126 1359 hominum.
1156 1315 1181 1353 10

130 1395 226 1459 Haec
241 1416 320 1458 vero
337 1379 441 1471 turba,
460 1396 666 1460 muliebriter
681 1398 919 1479 propemodum
935 1398 1033 1472 culta,
1051 1398 1129 1460 luxu

82 1519 110 1571 15
128 1499 234 1581 magis
262 1520 360 1581 quam
388 1499 515 1562 decoris
546 1500 658 1562 armis·
677 1501 856 1582 conspicua
887 1510 965 1565 erat.
1024 1503 1130 1586 Dory-

128 1603 253 1684 phoroe
269 1599 473 1666 vocabantur
488 1604 671 1684 proximum
690 1604 741 1666 his
757 1625 887 1686 agmen,
901 1605 989 1668 soliti
999 1615 1128 1668 vestem

129 1706 280 1788 excipere
310 1707 474 1789 regalem:
507 1707 541 1769 hi
572 1729 704 1770 currum
735 1708 822 1790 regis
854 1709 1035 1785 anteibant,
1064 1730 1128 1790 quo

81 1823 112 1873 16
128 1810 200 1893 ipse
235 1812 384 1874 eminens
418 1812 610 1875 vehebatur.
660 1812 851 1894 Utrumque
889 1833 1003 1876 currus
1040 1812 1128 1876 latus
1155 1833 1180 1872 15

129 1916 265 1978 deorum
285 1915 460 1978 simulacra
479 1936 519 1977 ex
538 1936 617 1977 auro
633 1926 838 1998 argentoque
860 1937 1016 1997 expressa
1035 1918 1129 1980 deco-

128 2020 266 2082 rabant:
293 2018 544 2100 distinguebant
569 2018 805 2082 internitentes
828 2041 980 2102 gemmae
1003 2020 1126 2102 iugum,
1212 2031 1216 2036 “

129 2143 170 2185 ex
199 2143 264 2205 quo
298 2122 490 2185 eminebant
521 2124 587 2185 duo
621 2143 721 2186 aurea
757 2123 933 2188 simulacra
964 2125 1127 2200 cubitalia,

128 2247 267 2308 quorum
287 2227 426 2288 alterum
445 2226 534 2302 Nini,
552 2228 692 2290 alterum
709 2237 780 2290 erat
804 2228 883 2292 Beli.
931 2227 1026 2291 Inter
1047 2228 1129 2291 haec

127 2330 270 2412 aquilam
293 2350 427 2393 auream
450 2329 569 2412 pinnas
596 2331 788 2393 extendenti
820 2330 961 2394 similem
985 2352 1130 2395 sacrave·
1156 2355 1181 2392 20

80 2461 110 2513 17
127 2443 211 2498 rant.
262 2433 380 2497 Cultus
412 2433 500 2516 regis
528 2433 615 2497 inter
641 2434 752 2497 omnia
777 2434 905 2498 luxuria
935 2437 1128 2499 notabatur:
1162 2437 1180 2498 8

127 2558 312 2621 purpureae
350 2538 483 2601 tunicae
517 2538 663 2602 medium
699 2539 810 2602 album
846 2539 1011 2603 intextum
1048 2550 1127 2615 erat,

127 2642 248 2724 pallam
269 2662 349 2705 auro
365 2642 556 2706 distinctam
573 2642 664 2705 aurei
687 2642 872 2725 accipitres,
890 2643 980 2706 velut
1013 2643 1128 2706 rostris

80 2761 110 2810 18
127 2747 214 2809 inter
247 2766 284 2809 se
321 2756 564 2821 concurrerent,
597 2747 803 2810 adornabant
840 2756 874 2810 et
912 2768 993 2809 zona
1029 2768 1130 2810 aurea

127 2850 332 2913 muliebriter
363 2849 492 2913 cinctus
530 2851 699 2914 acinacem
737 2851 965 2932 suspenderat,
998 2851 1051 2914 cui
1089 2872 1129 2914 ex
1156 2874 1181 2913 rs

81 2969 110 3018 ¹9
127 2974 259 3035 gemma
299 2954 419 3035 vagina
463 2963 542 3018 erat.
611 2953 757 3018 Cidarim
804 2954 923 3016 Persae
964 2955 1127 3017 vocabant

127 3057 254 3138 regium
272 3057 389 3138 capitis
413 3056 566 3139 insigne:
590 3058 653 3121 hoc
677 3058 828 3120 caerulea
849 3057 953 3121 fascia
975 3057 1049 3121 albo
1066 3058 1129 3120 dis-

78 3190 111 3227 20
128 3160 232 3223 tincta
248 3161 452 3224 circumibat.
502 3160 644 3225 Currum
666 3162 782 3224 decem
807 3161 898 3224 milia
920 3162 1127 3224 hastatorum

128 3265 372 3346 sequebantur:
398 3265 513 3327 hastas
536 3276 675 3347 argento
699 3275 882 3340 exornatas,
901 3264 1029 3345 spicula
1048 3285 1128 3328 auro

78 3400 106 3436 21
127 3369 272 3449 praefixa
294 3369 481 3450 gestabant.
530 3369 656 3431 Dextra
678 3368 837 3452 laevaque
862 3389 974 3451 regem
992 3369 1127 3432 ducenti
1154 3394 1181 3432 ³0

126 3471 232 3534 ferme
256 3471 452 3534 nobilissimi
475 3472 734 3555 propinquorum
759 3474 1010 3538 comitabantur.
1061 3473 1129 3536 Ho-

121 3596 197 3634 rum
232 3595 353 3655 agmen
391 3575 606 3639 claudebatur
636 3577 774 3660 triginta
803 3578 937 3641 milibus
968 3577 1126 3660 peditum,

56 3755 90 3805 ⁸¹⁶
104 3758 240 3805 “mm
248 3770 292 3802 ⁰⁰³
301 3761 342 3814 ‘1¹¹¹'
349 3767 471 3819 regebant,
523 3785 546 3826 3.
563 3772 661 3826 caelata,
670 3771 764 3816 carved
776 3770 887 3823 (eaelum,
897 3764 994 3812 cbisell·
1045 3763 1070 3803 l·
1080 3761 1214 3826 mssmy

141 3820 176 3852 τε,
192 3815 359 3879 Πστγρᾶοῑοὲ,
372 3835 580 3883 mar-hearers.
620 3854 656 3892 17.
671 3836 854 3887 inter-nitentes,
863 3831 966 3879 shining
974 3825 1087 3866 between.
1119 3834 1156 3868 η.
1168 3830 1228 3856 am·

124 3869 184 3963 'f‘-
222 3891 261 3932 24·
276 3900 349 3939 zona,
359 3893 418 3941 bela
464 3915 499 3956 ⁹7·
518 3901 605 3955 fascia,
617 3903 696 3946 band.
