2476 4036
313 164 540 228 Historiarum
563 163 751 227 Alexandri
770 163 834 238 III,
862 180 888 243 3,
913 181 943 240 4.
1113 180 1135 244 9

131 369 214 432 quos
231 349 306 430 equi
328 348 416 430 regis
433 367 517 412 cccc
534 350 769 431 sequebantur.
818 343 996 409 Intervallo
1012 342 1132 408 deinde
1152 368 1185 405 22

131 453 230 515 unius
254 452 352 515 stadii
376 460 516 515 matrem
542 452 644 515 Darei
669 451 883 534 Sisigambim
907 468 1022 513 currus
1038 448 1134 510 vehe-

131 556 189 619 bat
205 564 239 618 et
262 556 296 618 in
312 556 376 619 alio
392 566 463 618 erat
479 555 608 619 coniux.
656 557 770 618 Turba
783 554 983 617 feminarum
1000 551 1132 634 reginas

132 659 362 722 comitantium
395 660 488 741 equis
518 661 721 741 vectabatur.
771 658 971 741 Quindecim
1001 657 1130 733 deinde,
1152 679 1184 731 ²3

56 831 57 834 Ἴ
106 781 213 846 squas
244 783 449 826 armamaxas
480 763 701 845 appellabant,
731 763 962 845 sequebantur.
1012 761 1052 824 In
1080 761 1132 824 his

131 876 225 929 erant
241 866 336 930 liberi
351 867 441 949 regis
458 876 492 929 et
504 887 588 949 quae
605 868 791 930 educabant
807 887 865 929 eos
881 867 1133 948 spadonumque

131 991 220 1054 grex,
249 971 337 1034 haud
368 991 449 1034 sane
479 971 543 1034 illis
574 971 731 1053 gentibus
762 970 846 1064 vilis.
902 971 991 1033 Turn
1021 970 1133 1052 regiae
1151 989 1184 1038 24

131 1074 254 1156 pelices
269 1084 440 1138 trecentae
460 1083 494 1138 et
518 1075 691 1156 sexaginta
706 1075 850 1157 quinque
864 1074 1080 1148 vehebantur,
1098 1083 1133 1136 et

132 1177 223 1260 ipsae
253 1178 356 1261 regali
380 1178 471 1241 cultu
495 1187 689 1261 ornatuque.
739 1179 817 1241 Post
844 1199 927 1261 quas
957 1177 1132 1260 pecuniam

79 1302 106 1342 ιο
131 1282 219 1365 regis
235 1282 387 1346 sexcenti
409 1281 489 1344 muli
506 1291 539 1345 et
562 1282 705 1346 trecenti
721 1282 839 1345 cameli
854 1283 1021 1345 vehebant
1042 1301 1134 1363 prae·

132 1385 215 1448 sidio
231 1374 478 1468 sagittariorum
494 1395 727 1468 prosequente.
776 1385 1037 1468 Propinquorum
1056 1385 1133 1447 ami·
1151 1403 1182 1458 25

131 1509 313 1572 corumque
328 1489 489 1571 coniuges
505 1489 583 1552 huic
598 1489 724 1571 agmini
743 1489 911 1571 proximae
926 1489 1132 1571 lixarumque

131 1601 166 1656 et
193 1592 346 1656 calonum
374 1613 493 1675 greges
520 1593 737 1657 vehebantur.
786 1592 907 1656 Ultimi
934 1602 1029 1655 erant
1055 1613 1132 1656 cum

133 1696 200 1759 suis
223 1696 364 1779 quisque
381 1697 530 1772 ducibus
548 1696 605 1779 qui
627 1704 787 1778 cogerent
807 1716 937 1778 agmen,
954 1696 1072 1759 leviter
1086 1717 1134 1759 ar-

79 1821 107 1863 r:-
134 1799 221 1865 mati.
270 1800 396 1864 Contra
419 1799 447 1862 si
469 1800 543 1882 quis
567 1800 672 1864 aciem
690 1801 911 1864 Macedonum
936 1800 1130 1875 intueretur,
1151 1812 1184 1862 26

130 1903 244 1985 dispar
266 1903 370 1967 iacies
394 1913 463 1966 erat
488 1904 581 1986 equis
605 1904 751 1986 virisque
774 1925 842 1966 non
866 1925 955 1980 aur0,
974 1925 1047 1967 *non
1071 1904 1134 1966 dis-

132 2007 234 2071 colori
249 2017 354 2083 veste,
372 2008 431 2070 sed
449 2005 537 2070 ferro
553 2016 653 2090 atque
668 2028 745 2070 aere
760 2008 989 2090 fulgentibus:
1011 2028 1132 2089 agmen
1151 2032 1183 2084 27

131 2120 166 2175 et
197 2120 286 2175 stare
316 2122 468 2193 paratum
496 2122 539 2175 et.
561 2113 665 2195 sequi,
690 2133 753 2176 nec
779 2113 878 2175 turba
904 2133 967 2175 nec
993 2111 1133 2175 sarcinis

131 2233 321 2298 praegrave,
339 2216 507 2280 intentum
524 2217 566 2279 ad
583 2217 676 2280 ducis
700 2238 767 2285 non
790 2217 925 2299 signum
947 2216 1055 2291 modo,
1074 2217 1133 2278 sed

80 2344 105 2382 n
132 2319 233 2382 etiam
258 2329 385 2384 nutum.
434 2321 479 2383 Et
496 2321 615 2384 castris
633 2320 726 2384 locus
742 2332 776 2384 et
795 2320 955 2384 exercitui
971 2339 1133 2383 commea-

133 2432 188 2486 tus
211 2425 444 2505 suppetebant.
493 2425 584 2506 Ergo
601 2425 793 2488 Alexandro
808 2425 843 2487 in
859 2424 930 2488 acie
945 2424 1043 2487 miles
1065 2444 1133 2486 non
1152 2435 1184 2486 28

132 2526 258 2591 defuit:
287 2528 427 2603 DareuS,
451 2538 566 2592 tantae
589 2528 813 2592 multitudinis
836 2513 903 2603 rex,
925 2527 999 2603 loci,
1017 2527 1051 2590 in
1068 2548 1133 2610 quo

131 2629 303 2713 pugnavit,
321 2632 486 2714 angustiis
506 2633 661 2695 redactus
678 2640 730 2695 est
746 2633 787 2695 ad
802 2632 1016 2714 paucitatem,
1033 2651 1133 2714 quam

131 2734 167 2797 in
190 2735 288 2797 hoste
311 2743 566 2818 contempserat.

550 2987 632 3052 Car.
660 2987 718 3051 IV.

88 3156 106 3217 9
176 3151 311 3217 Interea
333 3151 527 3218 Alexander
545 3154 768 3219 Abistamene
791 3151 1021 3238 Cappadociae
1043 3173 1135 3236 prae·
1170 3183 1182 3222 r

82 3281 106 3320 a
131 3255 241 3339 posito
259 3256 409 3320 Ciliciam
431 3241 552 3340 petens
576 3279 652 3322 cum
677 3259 832 3322 omnibus
855 3258 959 3340 copiis
976 3258 1010 3321 in
1030 3257 1135 3340 regio

131 3380 219 3435 nem,
233 3380 319 3442 quae
335 3371 445 3424 castra·
460 3361 539 3446 Cyri
555 3363 747 3444 appellatur,
764 3371 969 3443 pervenerat.
1004 3361 1134 3425 Stativa

131 3463 198 3528 illic
221 3465 383 3529 habuerat
407 3467 526 3551 Cyrus
550 3489 624 3532 cum
648 3470 807 3533 adversus
832 3469 992 3532 Croesum
1017 3467 1052 3530 in
1070 3468 1133 3552 Ly-

130 3568 219 3632 diam
236 3570 381 3635 duceret.
429 3570 560 3635 Aberat
583 3592 623 3635 ea
645 3573 737 3658 regio
760 3573 1005 3658 quinquaginta
1026 3573 1135 3634 stadia
1169 3593 1186 3630 α

108 3771 130 3828 ⁵!
143 3741 290 3814 armamaxas,
300 3744 406 3810 conorari
412 3773 555 3826 carriages.
597 3750 624 3817 vb.
639 3762 907 3824 spadofflwffldu·
953 3739 1220 3840 ὶ“ἳᾶωζῗὲᾞ

58 3828 92 3856 12.
106 3819 435 3892 brammcampstllowers.
486 3831 892 3891 13.oelonum.amt⁴‘⁷¹’⁸““·
933 3815 1088 3859 unffi&
1128 3807 1155 3843 Μ

50 3890 86 3930 ¹7·
100 3889 190 3938 mm,
199 3901 218 3929 θ
227 3894 372 3953 slaltbnary
378 3906 455 3958 camp
467 3903 513 3957 (αἱ.
523 3904 589 3958 sto).
1208 3880 1220 3971 l
