2476 4036
106 171 146 250 78
472 167 509 248 Q.
538 167 634 235 Curti
653 169 737 254 Rufi
764 160 769 172 ’

105 355 139 418 in
156 374 205 430 eo,
219 373 317 438 quern
334 364 563 436 occupaverat,
580 353 709 417 tumulo
725 352 828 431 sedet,
843 361 1023 419 contentus
1039 375 1108 420 non

58 475 89 527 16
105 458 233 534 lacessi,
253 458 447 522 Alexander
468 457 603 540 cognito
626 478 748 540 pavore
771 458 937 523 exercitus
961 459 1106 542 signum,

105 573 141 627 ut
165 561 397 638 consisterent,
425 561 506 637 dari,
534 571 614 625 ante
640 562 730 644 ipsos
756 583 847 626 arma
873 563 1042 646 deponere
1069 586 1108 631 ac

104 667 215 730 levare
230 686 368 748 corpora
383 665 484 741 iubet,
501 667 694 741 admonens,
712 666 835 730 nullam
852 667 954 730 subiti
970 688 1107 733 causam

57 794 87 848 ¹7
105 791 180 835 esse
193 770 338 845 terroris,
352 770 483 832 hostem
497 769 611 852 procul
627 778 723 834 stare.
762 770 915 834 Tandem
932 783 1107 855 compotes
1144 790 1156 830 i

105 875 155 938 sui
175 874 297 957 pariter
319 893 412 936 arma
434 883 467 936 et
491 873 619 937 animos
644 894 819 956 recepere:
842 896 905 940 nec
928 877 1107 960 quicquam

104 998 145 1041 ex
168 977 399 1060 praesentibus
422 977 529 1041 tutius
551 978 660 1040 visum
683 988 745 1053 est,
769 998 867 1063 quarn
891 981 1008 1044 eodem
1032 981 1107 1047 loco

57 1094 87 1144 18
104 1091 214 1146 castra
228 1081 365 1145 munire.
415 1082 552 1145 Postero
568 1081 621 1145 die
645 1083 941 1148 Mazaeus-cum
965 1085 1107 1150 delectis

104 1184 255 1268 equitum
271 1184 305 1248 in
321 1186 411 1250 edito
428 1185 520 1260 colle,
538 1205 578 1248 ex
594 1206 659 1268 quo
683 1187 906 1251 Macedonum
929 1189 1109 1271 prospicie-

104 1291 226 1353 bantur
241 1300 358 1365 castra,
376 1289 705 1354 consederat—sive
721 1300 823 1366 metu,
840 1291 911 1355 sive
933 1291 1011 1375 quia
1033 1312 1108 1376 spe·
1133 1309 1159 1350 ιο

58 1414 88 1465 ι9
105 1392 207 1459 culari
218 1394 315 1457 modo
327 1393 437 1456 iussus
450 1402 530 1467 erat,
542 1394 583 1456 ad
596 1394 743 1458 Dareum
757 1394 864 1461 rediit.
901 1396 1107 1462 Macedones

105 1518 182 1561 eurn
205 1497 313 1578 ipsum
337 1496 465 1572 collem,
490 1516 589 1580 quem
612 1498 814 1574 deseruerat,
838 1485 1107 1581 occupaveru'nt:

105 1621 182 1666 nam
198 1610 232 1663 et
248 1600 352 1664 tutior
367 1600 504 1682 planitie
520 1610 591 1665 erat
604 1611 637 1665 et
650 1602 728 1666 inde
743 1602 832 1666 acies
847 1603 1003 1679 hostium,
1020 1625 1108 1687 quae

56 1737 90 1774 20
105 1705 139 1768 in
155 1724 272 1786 campo
288 1700 523 1787 explicabatur,
540 1705 688 1787 conspici
710 1715 849 1789 poterat.
898 1707 965 1772 Sed
988 1708 1105 1791 caligo,

105 1829 206 1893 quam
237 1808 324 1872 circa
354 1808 498 1872 humidi
515 1810 704 1873 effuderant
741 1820 883 1888 monteS,
916 1811 1106 1875 universam
1133 1829 1160 1872 u

106 1912 259 1996 equidem
283 1911 331 1976 rei
353 1912 473 1976 faciem
497 1934 565 1976 non
588 1914 735 1989 abstulit,
760 1924 909 1979 ceterum
935 1915 1107 1998 agminum

105 2016 297 2081 discrimina
327 2026 428 2101 atque
458 2018 607 2081 ordinem
631 2018 800 2100 prohibuit
824 2019 975 2101 perspici.
1023 2019 1109 2084 Mul·

106 2122 216 2186 titudo
241 2121 458 2185 inundaverat
485 2143 620 2204 campos
647 2122 867 2206 fremitusque
897 2132 948 2187 tot
978 2123 1107 2188 milium

58 2252 87 2289 21
107 2227 208 2290 etiam
235 2226 348 2308 procul
373 2226 535 2290 stantium
562 2247 658 2290 aures
686 2227 878 2309 inpleverat.
935 2227 1108 2292 Fluctuari

106 2332 218 2396 animo
230 2351 288 2395 rex
299 2340 334 2395 et
346 2333 444 2394 modo
461 2351 567 2406 suurn,
580 2331 679 2393 modo
692 2330 919 2395 Parmenionis
931 2331 1107 2395 consilium
1133 2352 1160 2392 n

107 2457 181 2500 sera
192 2435 424 2500 aestimatione
440 2435 664 2517 perpendere:
687 2435 808 2518 quippe
821 2454 860 2498 co
872 2444 1009 2498 ventum
1026 2445 1105 2511 erat,

107 2543 195 2606 unde
226 2540 330 2622 recipi
360 2539 535 2613 exercitus
567 2538 631 2601 nisi
662 2538 778 2613 victor,
810 2537 883 2603 sine
912 2538 1005 2603 clade
1039 2559 1108 2603 non

59 2669 91 2705 22
107 2655 230 2729 posset.
294 2646 412 2726 Itaque
443 2642 650 2706 dissimulato
682 2662 803 2725 pavore
841 2643 1108 2706 mercennarium

58 2768 90 2819 23
108 2752 254 2834 equitem
278 2771 318 2814 cx
342 2747 484 2812 Paeonia
505 2747 703 2829 praecedere
725 2746 825 2811 iubet.
874 2747 952 2828 Ipse
975 2746 1109 2828 phalan-

107 2877 193 2938 gem,
211 2856 298 2920 sicut
315 2864 414 2918 antea
432 2851 559 2916 dictum
583 2860 644 2927 est,
662 2850 697 2913 in
719 2851 785 2913 duo
808 2871 931 2915 cornua
953 2850 1109 2914 extende·
1134 2873 1161 2914 as

107 2969 178 3023 rat:
216 2970 393 3042 utrumque
430 2977 534 3022 cornu
572 2955 702 3039 equites
740 2955 908 3036 tegebant.
971 2954 1109 3036 Iamque

108 3064 244 3127 nitidior
258 3063 314 3126 lux
330 3064 481 3127 discussa
496 3061 638 3144 caligine
659 3059 764 3122 aciem
788 3057 932 3121 hostium
957 3058 1110 3121 ostende-

108 3177 168 3244 rat,
186 3179 219 3232 et
237 3169 438 3231 Macedones
455 3166 525 3230 sive
541 3165 712 3230 alacritate
733 3161 802 3226 sive
825 3161 936 3225 taedio
959 3171 1110 3243 expecta-

108 3271 209 3335 tionis
228 3272 399 3354 ingentem
416 3270 637 3353 pugnantium
653 3288 745 3332 more
765 3266 898 3330 edidere
920 3265 1107 3331 clamorem.

109 3375 276 3439 Redditus
299 3383 334 3438 et
357 3395 377 3438 a
401 3373 509 3437 Persis
532 3393 668 3436 nemora
688 3371 857 3453 vallesque
881 3369 1109 3434 circumiectas
1136 3393 1163 3435 so

60 3499 93 3551 24
108 3478 248 3542 terribili
259 3498 342 3542 sono
354 3477 536 3560 inpleverat
549 3499 555 3540 :
576 3497 639 3540 nec
651 3476 715 3539 iam
728 3474 892 3540 contineri
905 3473 1109 3538 Macedones

88 3590 265 3659 poterant,
284 3581 365 3665 quin
383 3601 484 3646 cursu
501 3599 632 3666 quoque
648 3580 690 3644 ad
704 3580 838 3644 hostem
858 3577 1108 3648 contenderent.

301 3789 325 3830 7·
339 3787 372 3819 οἱ
379 3776 555 3833 mutibus,
566 3775 653 3823 under
661 3773 701 3819 tie
711 3771 915 3817 circumstances·
