2476 4036
323 151 552 219 Historiarum
575 150 762 217 Alexandri
780 151 805 215 J
810 151 843 227 V,
867 151 896 215 6.
1072 164 1113 234 57

110 335 225 421 Digna
247 356 300 401 res
314 336 394 414 visa,
412 337 454 402 de
477 357 542 421 qua
563 345 658 401 vates
681 325 880 414 consuleret,
896 342 934 399 ut
950 341 1020 398 erat
1043 354 1111 398 non
1132 363 1163 403 m

109 438 257 507 intactae
282 461 302 504 a
331 434 570 522 superstitione
600 441 732 505 mentis.
760 440 871 529 ¹Ergo
900 438 1113 516 Aristander,

110 545 165 610 cui
185 544 329 609 maxima
348 545 431 608 fides
452 544 657 609 habebatur:
679 543 771 608 urbis
791 542 925 627 quidem
946 540 1112 607 excidium

109 648 249 732 augurio
264 647 320 713 illo
342 647 505 730 portendi,
522 657 672 712 ceterum
694 647 876 731 periculum
893 666 978 723 esse,
995 665 1040 711 ne
1054 667 1112 713 rex

72 772 86 813 r
110 752 232 817 vulnus
255 752 429 834 acciperet.
478 752 598 835 Itaque
618 752 756 828 monuit,
773 772 816 816 ne
837 751 916 835 quid
939 771 979 815 eo
995 749 1050 816 die
1066 750 1113 816 in·

111 856 248 939 ciperet.
296 855 366 932 llle,
383 875 582 939 quamquam
594 876 695 919 unam
705 857 820 920 urbem
831 855 903 932 sibi,
917 875 983 939 quo
1000 855 1112 921 minus
1132 883 1163 938 ¹³

111 980 250 1025 securus
276 957 474 1044 Aegyptum
501 959 651 1035 intraret,
678 959 811 1023 obstare
839 980 940 1043 aegre
969 961 1111 1038 ferebat,

60 1061 98 1124 2‘1
112 1073 225 1128 tamen
249 1063 359 1145 paruit
377 1063 446 1127 vati
472 1063 673 1146 signumque
699 1063 847 1145 receptui
871 1064 971 1128 dedit.
1021 1064 1113 1129 Hinc

111 1167 244 1231 animus
261 1167 365 1230 crevit
380 1166 536 1244 obsessis,
555 1167 747 1250 egressique
765 1178 861 1249 porta
876 1168 1113 1236 recedentibus

60 1285 88 1335 ‚²⁰
113 1269 263 1335 inferunt
280 1269 377 1353 signa
391 1270 640 1335 cunctationem
659 1271 805 1334 hostium
826 1292 920 1335 suam
935 1268 1008 1336 fore
1023 1292 1115 1337 occa-

112 1373 241 1439 sionem
263 1374 335 1438 rati.
383 1373 452 1461 Sed
471 1373 580 1438 acrius
603 1395 703 1457 quam
720 1374 930 1439 constantius
951 1375 1112 1458 proelium
1134 1399 1165 1450 ¹4

112 1475 281 1542 inierunt:
303 1477 427 1561 quippe
447 1486 485 1541 ut
506 1478 730 1542 Macedonum
753 1478 849 1560 signa
872 1479 1055 1563 circumagi
1070 1478 1115 1543 vi-

112 1581 201 1659 dere,
232 1591 371 1664 repente
401 1580 525 1645 sistunt
554 1582 703 1664 gradum.
760 1582 898 1665 Iamque
926 1583 969 1647 ad
1000 1603 1113 1667 regem

113 1684 345 1767 proeliantium
361 1684 486 1749 clamor
505 1693 712 1767 pervenerat,
729 1705 804 1749 cum
821 1685 1010 1750 denuntiati
1032 1688 1116 1770 peri·
1141 1705 1142 1709 ’

61 1800 88 1842 1⁶
113 1788 178 1853 culi
201 1788 290 1852 haud
316 1807 398 1852 sane
421 1788 748 1853 memor-loricam
773 1798 897 1866 tamen,
914 1810 1014 1873 quam
1041 1811 1115 1862 raro

113 1890 281 1968 induebat,
298 1891 413 1956 amicis
429 1891 602 1956 orantibus
622 1892 871 1974 sumpsit-ad
891 1893 998 1975 prima
1019 1894 1117 1978 signa

112 1995 273 2078 pervenit.
322 1995 398 2078 Quo
414 2005 595 2078 conspecto
608 1995 720 2060 Arabs
731 1996 874 2079 quidam,
889 1997 991 2061 Darei
1009 1998 1114 2075 miles,
1135 2019 1166 2078 ις

113 2099 219 2163 maius
249 2098 385 2163 fortuna
422 2119 483 2163 sua
518 2098 649 2163 lacinus
687 2120 798 2177 ausus,
823 2100 970 2183 gladium
1009 2101 1116 2184 clipeo
1164 2147 1175 2166 .

112 2211 242 2286 tegens,
260 2202 355 2286 quasi
369 2203 544 2286 transfuga
559 2202 701 2286 genibus
717 2203 805 2287 regis
821 2205 1016 2271 advolvitur.
1054 2205 1117 2270 llle

60 2321 89 2365 u
113 2306 293 2389 adsurgere
309 2306 493 2388 supplicem
515 2306 683 2390 recipique
704 2306 794 2371 inter
809 2328 888 2372 suos
912 2308 1018 2375 iussit.
1065 2309 1115 2374 At
1134 2318 1168 2377 tt

113 2410 272 2475 barbarus
287 2409 396 2494 gladio
413 2419 550 2474 strenue
566 2410 600 2473 in
613 2411 762 2474 dextram
773 2412 936 2477 translato
953 2413 1115 2478 cervicem

112 2513 252 2598 adpetiit
268 2514 377 2598 regis:
392 2513 449 2596 qui
465 2513 584 2596 exigua
596 2514 743 2596 corporis
756 2515 979 2580 declinatione
991 2517 1116 2581 evitato

113 2616 182 2683 ictu
197 2617 232 2680 in
248 2638 369 2682 vanum
386 2637 521 2681 manum
537 2617 668 2681 barbari
684 2618 809 2700 lapsam
827 2628 978 2702 amputat
994 2619 1115 2702 gladio,

112 2721 310 2787 denuntiato
326 2721 361 2784 in
376 2720 469 2785 illum
482 2721 569 2785 diem
584 2721 739 2804 periculo,
752 2731 789 2786 ut
802 2723 1024 2787 arbitrabatur
1033 2724 1114 2806 ipse,

60 2843 88 2888 u
112 2825 303 2891 defunctus.
349 2825 426 2902 Sed,
458 2835 495 2890 ut
526 2825 651 2908 opinor,
685 2825 876 2890 inevitabile
907 2836 959 2892 est
988 2828 1116 2894 fatum:
1137 2853 1168 2907 ¹7

112 2929 326 3014 quippedum
342 2929 430 2995 inter
449 2930 609 3013 primores
626 2929 812 3012 promptius
829 2930 974 3007 dimicat,
993 2931 1129 3014 sagitta*

112 3033 200 3100 ictus
223 3045 284 3112 est,
301 3057 400 3120 quam
420 3057 480 3119 per
497 3035 632 3099 loricam
657 3035 818 3110 adactam,
837 3043 983 3098 stantem
1001 3035 1036 3099 in
1058 3036 1117 3100 hu·

112 3158 204 3203 mero
214 3141 363 3206 medicus
374 3141 445 3207 eius
462 3142 633 3224 Philippus
650 3140 770 3204 evellit.
821 3137 986 3202 Plurimus
995 3138 1116 3205 deinde
1135 3145 1167 3200 ιε

113 3243 250 3328 sanguis
277 3267 411 3311 manare
439 3246 549 3329 coepit
580 3245 734 3310 omnibus
766 3243 900 3318 territis,
930 3241 1008 3325 quia
1037 3263 1115 3322 non,

61 3368 89 3411 n
114 3371 213 3435 quam
229 3352 296 3417 alte
311 3362 520 3436 penetrasset
537 3351 649 3428 telum,
664 3350 765 3416 lorica
782 3351 939 3414 obstante
955 3366 1117 3430 cognove-

97 3465 197 3520 srant.
246 3457 323 3539 Ipse
347 3476 390 3521 ne
416 3455 483 3519 oris
506 3455 639 3538 quidem
664 3454 773 3519 colore
800 3462 929 3517 mutato
955 3449 1116 3532 supprimi

114 3559 311 3644 sanguinem
338 3567 372 3624 et
391 3557 511 3623 vulnus
539 3557 678 3642 obligari
702 3557 808 3622 iussit.
857 3556 925 3620 Diu
946 3563 1026 3618 ante
1043 3552 1117 3632 ipsa
1135 3574 1167 3624 re

93 3760 125 3800 ¹⁹·
136 3750 241 3806 Μῖῡῑῐδ,
250 3753 329 3802 kmt.
385 3769 421 3813 23·
435 3755 461 3801 in
470 3771 568 3811 vanum,
577 3757 629 3802 into
640 3759 718 3808 empty
728 3723 1186 3806 specuuax'xuamrssxennmw

453 3837 492 3879 32·
504 3821 618 3878 obligari,
629 3819 687 3865 tube
699 3814 782 3862 bound
791 3816 835 3867 ub·
