2476 4036
384 645 431 736 Q.
467 643 642 718 curri
681 642 815 717 auri

474 850 723 900 HISTORIARUM

135 1026 460 1128 ALEXANDRI
507 1026 689 1127 MAGNI
737 1025 1057 1128 MACEDONIS

502 1251 617 1304 LIBER
641 1251 691 1304 IV.

528 1420 610 1484 Cnr.
637 1420 662 1483 I.

52 1608 69 1667 1
141 1600 281 1674 Dareus,
298 1598 384 1662 tanti
400 1600 498 1662 modo
514 1598 679 1661 exercitus
696 1618 761 1674 rex,
779 1598 835 1681 qui
858 1597 1096 1680 triumphantis
1116 1627 1127 1663 ι
1144 1579 1146 1583 ’

95 1702 202 1786 magis
226 1723 324 1786 quarn
348 1703 539 1767 dimicantis
564 1722 656 1765 more
680 1722 778 1765 curru
802 1701 953 1766 sublimis
978 1701 1096 1766 inierat

94 1806 267 1890 proelium,
292 1827 353 1889 per
374 1804 455 1882 loca,
479 1826 564 1888 quae
586 1826 690 1888 prope
712 1805 884 1868 immensis
906 1805 1096 1888 agminibus

94 1910 290 1993 inpleverat,
308 1911 373 1973 iam
396 1909 508 1975 inania
528 1922 562 1973 et
585 1909 716 1992 ingenti
734 1909 913 1973 solitudine
928 1919 1032 1985 vasta,
1048 1908 1098 1972 fu-

55 2039 69 2080 r
94 2015 218 2098 giebat.
267 2014 365 2078 Pauci
388 2035 502 2097 regem
526 2014 771 2097 sequebantur:
793 2034 870 2076 narn
893 2033 956 2077 nec
979 2014 1095 2076 eodem
1131 2043 1147 2080 2

94 2113 216 2182 omnes
236 2117 350 2201 fugam
373 2118 588 2181 intenderant
607 2127 641 2180 et
657 2117 891 2180 deficientibus
914 2117 1008 2200 equis
1027 2138 1098 2180 cur-

94 2245 170 2287 sum
194 2242 320 2295 eorum,
338 2242 421 2305 quos
444 2243 501 2285 rex
524 2221 666 2285 subinde
689 2222 850 2297 mutabat,
867 2240 1009 2304 aequare
1027 2241 1095 2284 non

94 2336 258 2410 poterant.
308 2325 444 2390 Onchas
460 2325 581 2388 deinde
596 2325 758 2407 pervenit,
772 2325 828 2389 ubi
844 2345 1004 2407 excepere
1019 2345 1096 2389 eum
1131 2344 1146 2395 3

95 2431 301 2495 Graecorum
328 2439 486 2512 quattuor
515 2429 624 2494 milia:
656 2450 723 2492 non
750 2429 886 2511 segnius
912 2439 1027 2493 tamen
1053 2430 1097 2494 ad

43 2562 69 2601 ιο
96 2536 293 2617 Euphraten
313 2534 495 2609 contendit,
513 2533 546 2596 id
563 2534 697 2596 demum
721 2534 860 2597 credens
882 2533 958 2597 fore
980 2533 1094 2615 ipsius

94 2640 183 2735 quod
200 2638 371 2703 celeritate
386 2637 578 2719 praecipere
593 2637 767 2719 potuisset.

138 2743 188 2806 At
212 2742 403 2804 Alexander
428 2740 691 2816 Parmenionem,
715 2761 895 2824 perquem
918 2742 1006 2823 apud
1030 2742 1096 2805 Da·
1129 2764 1146 2813 4

94 2867 244 2910 mascum
268 2855 401 2927 recepta
423 2855 493 2908 erat
521 2847 652 2928 praeda,
677 2845 802 2908 iussum
830 2866 903 2908 earn
930 2845 1036 2928 ipsam
1061 2856 1095 2910 et

95 2950 244 3033 captivos
268 2949 420 3031 diligenti
451 2951 628 3013 adservare
658 2950 819 3025 custodia,
845 2949 971 3034 Syriae,
995 2970 1094 3033 quam

43 3082 68 3122 ιε
96 3055 222 3118 Coelen
252 3063 383 3129 vocant,
415 3054 584 3135 praefecit.
648 3054 781 3116 Novum
813 3054 987 3136 imperium
1019 3054 1095 3139 Syri
1130 3067 1144 3122 5

95 3160 243 3222 nondum
269 3158 347 3221 belli
378 3157 528 3222 cladibus
559 3158 640 3221 satis
667 3158 783 3220 domiti
813 3159 1095 3240 aspernabantur:

95 3265 153 3326 sed
177 3262 332 3326 celeriter
354 3263 484 3326 subacti
508 3261 724 3326 oboedienter
746 3261 908 3344 imperata
930 3262 1092 3326 fecerunt.

94 3367 229 3430 Aradus
245 3387 376 3450 quoque
396 3367 504 3430 insula
519 3367 652 3431 deditur
674 3367 753 3450 regi.
802 3366 1006 3430 Maritimam
1022 3375 1094 3428 tum
1129 3377 1146 3427 6

94 3463 184 3536 oram
202 3480 235 3536 et
249 3471 407 3555 pleraque
423 3470 554 3555 longius
571 3470 673 3534 etiam
691 3492 712 3534 a
728 3471 813 3535 mari
834 3468 1024 3534 recedentia
1038 3488 1098 3532 rex

415 3685 438 3726 4.
452 3681 528 3726 vasta,
537 3677 627 3725 waste,
636 3671 731 3722 desert,
739 3667 811 3712 uua.
