2476 4036
108 140 147 204 16
336 230 337 233 Ἴ
477 141 514 220 Q.
542 140 639 207 Curti
658 143 741 226 Rufi

104 344 179 389 cum
202 333 335 408 praesto
358 335 448 390 esset
472 326 595 409 ubique
617 326 761 402 fortuna,
785 325 957 390 temeritas
981 325 1013 395 in
1039 325 1112 410 glo·

57 447 86 497 ¹9
104 429 184 492 riam
202 439 358 495 cesserat.
394 430 503 494 Aetas
516 451 648 513 quoque
660 430 715 492 vix
730 431 833 493 tantis
850 440 979 493 matura
994 432 1108 507 rebuS,

104 534 164 596 sed
179 534 312 598 abunde
328 534 497 598 sufficiens
514 535 625 597 omnia
641 534 712 598 eius
729 555 829 616 opera
843 535 1043 598 honestabat
1061 544 1107 611 et,

103 658 188 720 quae
203 638 327 702 leviora
342 638 455 701 haberi
471 639 588 714 solent,
601 639 795 720 plerumque
811 639 944 700 militari
960 639 1110 721 gratiora

102 742 202 824 vulgo
219 752 307 819 sunt,
325 743 517 805 exercitatio
533 743 680 824 corporis
697 742 785 805 inter
807 743 907 824 ipsos,
925 743 1034 805 cultus
1051 743 1109 805 ha·
1148 765 1161 805 s

103 846 260 929 bitusque
278 847 414 928 paulurn
429 868 449 910 a
464 847 592 930 privato
613 848 804 922 abhorrens,
822 847 974 910 militaris
989 847 1108 930 vigor:

55 970 87 1006 20
104 951 178 1032 quis
208 951 264 1014 ille
290 951 342 1013 vel
374 951 500 1033 ingenii
527 951 662 1014 dotibus
689 951 743 1014 vel
772 951 875 1015 animi
905 951 1041 1028 artibus
1068 961 1107 1016 ut

103 1053 227 1136 pariter
249 1075 344 1119 carus
367 1075 406 1119 ac
428 1057 636 1120 venerandus
660 1064 758 1132 esset,
783 1056 950 1120 effecerat.

510 1305 592 1371 cip,
617 1306 696 1370 VII.

74 1497 84 1534 ι
148 1472 197 1537 At
225 1473 356 1537 Dareus
383 1473 500 1537 nuntio
524 1474 565 1536 de
587 1473 725 1537 adversa
747 1472 930 1536 valitudine
957 1473 1027 1537 eius
1055 1494 1106 1538 ac·
1121 1475 1158 1535 17

105 1587 201 1659 cepto
225 1577 404 1654 celeritate,
429 1587 587 1659 quantam
616 1597 733 1659 capere
760 1588 829 1640 tarn
854 1598 955 1659 grave
982 1597 1105 1660 agmen
1132 1599 1159 1637 10

104 1691 243 1762 poterat,
261 1683 302 1744 ad
327 1683 533 1763 Euphraten.
545 1681 718 1745 contendit
742 1682 922 1764 iunctoque
942 1701 981 1744 eo
998 1681 1107 1763 ponti-

104 1786 166 1849 bus
182 1785 328 1868 quinque
344 1796 457 1849 tamen
474 1786 590 1849 diebus
606 1785 736 1848 traiecit
753 1785 935 1849 exercitum
953 1785 1105 1849 Ciliciam

71 1914 86 1950 2
104 1910 265 1972 occupare
288 1889 461 1953 festinans.
511 1891 581 1952 lam
601 1889 794 1952 Alexander
810 1889 935 1953 viribus
957 1889 1105 1971 corporis

104 1994 248 2076 receptis
274 1995 316 2056 ad
343 1994 458 2056 urbem
487 1993 584 2057 Solos
611 2003 828 2075 pervenerat:
855 1994 950 2056 cuius
977 1993 1105 2075 potitus

103 2098 256 2160 ducentis
283 2097 418 2161 talentis
450 2097 574 2160 multae
600 2096 734 2160 nomine
765 2097 889 2161 exactis
916 2097 983 2160 arci
1013 2115 1157 2179 prae-1⁵

71 2201 224 2271 3sidium
254 2201 396 2264 militum
427 2201 582 2282 inposuit.
640 2201 731 2265 Vota
756 2201 875 2265 deinde
904 2221 965 2283 pro
996 2201 1105 2264 salute

104 2314 260 2387 suscepta
285 2325 345 2387 per
374 2305 488 2367 ludum
515 2315 616 2387 atque
644 2305 749 2369 otium
778 2306 919 2368 reddens
944 2304 1103 2381 ostendit,

103 2417 228 2491 quanta
252 2408 372 2472 fiducia
396 2409 553 2472 barbaros
580 2419 772 2490 sperneret:
800 2410 922 2492 quippe
945 2406 1129 2472 Aesculass

69 2541 85 2588 4
104 2513 157 2595 pio
174 2522 208 2576 et
228 2513 399 2575 Minervae
416 2513 511 2575 ludos
528 2513 716 2576 celebravit.
766 2512 941 2595 Spectanti
964 2512 1104 2579 nuntius

103 2617 210 2680 laetus
233 2616 382 2678 adfertur
402 2616 639 2680 Halicarnasso
657 2617 775 2679 Persas
798 2616 869 2679 acie
892 2637 911 2679 a
935 2615 1005 2679 suis
1028 2635 1104 2679 esse
1130 2636 1157 2675 ao

103 2731 285 2803 superatos,
312 2720 468 2805 Myndios
492 2740 623 2802 quoque
650 2730 683 2784 et
708 2720 855 2784 Caunios
882 2730 917 2782 et
947 2720 1105 2802 pleraque

70 2834 230 2893 stractus
254 2824 326 2886 eius
350 2844 428 2887 suae
452 2823 541 2888 facta
563 2824 711 2888 dicionis,
769 2824 878 2906 Igitur
900 2823 990 2886 edito
1014 2843 1106 2904 spec-

103 2929 213 2991 taculo
229 2927 354 2991 ludicro
371 2927 556 3010 castrisque
572 2928 671 2990 motis
685 2937 718 2991 et
736 2928 875 3013 Pyramo
891 2947 989 2990 amne
1001 2936 1105 3009 ponte

102 3033 216 3095 iuncto
231 3032 273 3094 ad
289 3033 405 3094 urbem
423 3032 561 3093 Mallum
585 3031 746 3112 pervenit,
763 3031 840 3093 inde
856 3031 969 3094 alteris
985 3031 1105 3094 castris

69 3151 85 3200 6
102 3137 143 3199 ad
159 3135 316 3217 oppidum
333 3134 539 3199 Catabolum.
588 3135 641 3199 Ibi
666 3134 838 3216 Parmenio
855 3135 925 3218 regi
941 3134 1105 3198 occurrit:
1132 3155 1159 3195 rs

102 3240 303 3321 praemissus
321 3249 390 3302 erat
407 3241 447 3302 ad
464 3238 700 3322 explorandum
717 3240 781 3302 iter
797 3238 911 3315 saltus,
928 3258 1105 3320 perquem

70 3344 143 3411 7ad
170 3344 285 3407 urbem
312 3344 409 3407 Isson
433 3343 569 3407 nomine
592 3344 836 3426 penetrandum
861 3342 940 3406 erat.
988 3342 1106 3423 Atque

101 3447 156 3510 ille
171 3447 336 3530 angustiis
353 3447 424 3510 eius
440 3447 611 3529 occupatis
628 3456 661 3510 et
685 3446 847 3530 praesidio
867 3446 998 3510 modico
1014 3444 1106 3509 relic·

102 3560 137 3615 to
158 3552 255 3615 Isson
274 3571 405 3634 quoque
424 3551 591 3615 desertam
614 3572 635 3616 a
656 3550 804 3616 barbaris
829 3559 971 3632 ceperat.
1019 3548 1105 3612 Inde

51 3739 301 3823 'Jpsmm'stmml’
312 3741 508 3799 [letfrffpl'll‘omo
558 3763 581 3803 ⁷.
595 3745 649 3802 φής
656 3764 676 3782 =
685 3743 779 3799 quibus,
827 3754 861 3782 ῃ,
873 3737 953 3803 ’ωῃςχςξ
961 3731 1077 3798 ῳῃξῇξχῆ,
1086 3728 1198 3790 spanum*

61 3790 184 3891 gfff
197 3798 228 3838 ca
234 3813 269 3851 ’³'
303 3818 336 3856 '5'
352 3811 521 3866 mul‘strfim·
556 3827 592 3856 22.
606 3819 707 3862 tractus,
716 3809 812 3860 region.
841 3815 875 3853 2⁴·
890 3799 969 3840 alteris
976 3787 1112 3837 easuxssthe
1120 3798 1198 3824 socom

146 3859 194 3907 Μ’
205 3869 422 3924 mumma
