2476 4036
108 135 152 198 80
256 100 265 118 i
476 129 513 210 Q.
541 129 638 197 Curti
656 130 740 216 Rufi

109 317 173 382 ista
185 316 332 381 sollertia
343 325 403 391 est,
418 335 515 399 quam
532 313 722 397 praecipitis
734 315 824 391 mihi,
838 315 962 399 quippe
978 316 1111 381 illorum

75 438 92 490 9
110 432 223 485 votum
240 420 374 483 unicum
388 430 439 482 est
456 417 578 483 fallere.
628 419 725 483 Meae
740 439 819 482 vero
834 420 961 502 gloriae
977 440 1112 504 semper

108 535 166 589 aut
186 524 371 588 absentiam
388 522 492 586 Darei
515 532 572 586 aut
595 523 768 605 angustias
791 523 940 587 locorum
964 535 1021 588 aut
1045 526 1114 589 iur-

108 639 182 692 tum
208 627 315 691 noctis
341 628 474 690 obstare
500 646 567 688 non
591 627 716 707 patiar:
740 627 846 708 paiam
873 628 948 691 luce
972 629 1113 712 adgredi

110 743 237 797 certum
255 741 326 795 est:
349 731 436 794 malo
452 753 503 794 me
522 750 614 793 meae
637 730 791 793 fortunae
811 731 991 812 paeniteat,
1008 754 1112 816 quarn
1149 753 1161 793 a

63 865 93 902 ιο
110 836 268 901 victoriae
298 836 430 916 pudeat.
487 833 545 897 Ad
576 835 657 896 haec
688 833 768 896 illud
798 854 929 917 quoque
959 837 1112 903 accedit:

109 940 238 1024 vigilias
254 959 352 1022 agere
376 940 531 1003 barbaros
547 948 581 1002 et
598 938 632 1000 in
648 937 748 1002 armis
772 948 870 1013 stare,
888 948 924 1002 ut
940 959 984 1002 ne
1000 941 1112 1025 decipi

109 1045 243 1128 quidem
266 1043 405 1125 possint,
430 1052 626 1124 conpertum
650 1043 765 1106 habeo.
813 1043 930 1125 Itaque
953 1045 995 1107 ad
1018 1066 1114 1127 proe-

109 1150 188 1213 lium
205 1167 264 1211 vos
286 1145 431 1230 parate.''
479 1147 536 1211 Sic
559 1147 715 1211 incitatos
738 1148 780 1211 ad
803 1166 941 1230 corpora
962 1152 1113 1216 curanda
1140 1145 1143 1151 ’

109 1253 243 1317 dimisit.
679 1307 682 1314 .
1138 1275 1162 1315 ro

63 1389 89 1427 ιι
154 1367 285 1430 Dareus
298 1366 340 1441 id,
349 1366 437 1449 quod
449 1366 621 1430 Parmenio
632 1376 789 1442 suaserat,
799 1368 930 1431 hostem
940 1368 1110 1433 facturum
1124 1374 1161 1436 48

110 1490 185 1535 esse
215 1471 409 1534 coniectans
446 1471 595 1534 frenatos
626 1491 729 1554 equos
760 1481 848 1534 stare
887 1493 1111 1556 magnamque

110 1575 276 1640 exercitus
299 1586 427 1657 partem
451 1575 483 1637 in
509 1576 609 1639 armis
633 1595 707 1638 esse
730 1595 768 1639 ac
784 1575 912 1658 vigilias
929 1577 1111 1642 intentiore

110 1700 189 1745 cura
212 1679 334 1742 servari
353 1680 518 1742 iusserat:
541 1700 620 1762 ergo
642 1680 775 1762 ignibus
802 1689 874 1742 tota
901 1680 972 1744 eius
1000 1691 1111 1746 castra

64 1810 93 1848 η
111 1781 294 1867 [uigebant.
343 1785 419 1866 lpse
438 1804 512 1847 curn
534 1784 674 1847 ducibus
695 1785 955 1868 propinquisque
975 1785 1111 1867 agmina
1136 1806 1161 1846 rs

110 1888 144 1952 in
175 1887 275 1951 armis
308 1889 467 1951 stantium
499 1887 704 1963 circumibat,
738 1888 850 1953 Solem
882 1899 915 1952 et
948 1889 1110 1953 Mithrem

110 2013 307 2076 sacrumque
325 2003 359 2056 et
382 2003 554 2056 aeternum
578 1993 736 2056 invocans
760 1993 881 2076 ignem,
900 2002 937 2057 ut
953 1994 1017 2057 iilis
1041 1993 1111 2077 dig-

110 2118 187 2162 nam
203 2107 316 2161 vetere
332 2097 436 2179 gloria
453 2097 680 2180 maiorumque
704 2097 928 2161 monumentis
945 2098 1111 2162 fortitudi-

64 2227 93 2278 13
110 2221 187 2265 nem
212 2201 421 2284 inspirarent.
470 2203 544 2265 “Et
564 2202 724 2283 profecto,
743 2201 770 2264 si
793 2221 858 2284 qua
880 2201 1012 2266 divinae
1034 2203 1110 2286 opis

110 2306 248 2389 auguria
278 2307 423 2370 humana
445 2317 559 2370 mente
589 2306 720 2388 concipi
743 2315 890 2388 possent,
915 2308 995 2370 deos
1019 2316 1110 2371 stare
1136 2328 1162 2368 ao

111 2431 231 2476 secum.
291 2411 370 2475 Ilios
409 2431 515 2493 nuper
553 2411 774 2475 Macedonum
812 2412 932 2476 animis
964 2411 1110 2476 subitam

111 2514 291 2578 incussisse
305 2515 515 2578 formidinem
531 2537 537 2579 :
553 2516 661 2578 adhuc
677 2516 867 2600 lymphatos
883 2516 962 2579 ferri
978 2517 1108 2599 agique,

110 2639 200 2682 arma
216 2619 395 2683 iacientes:
419 2629 574 2701 expetere
596 2620 765 2701 praesides
790 2621 963 2683 Persarum
980 2619 1109 2702 imperii

110 2725 184 2787 deos
199 2723 328 2786 debitas
344 2743 363 2786 e
378 2724 574 2788 vecordibus
595 2743 727 2805 poenas.
776 2724 849 2786 Nec
864 2723 973 2805 ipsum
990 2725 1108 2788 ducem

63 2848 93 2897 ¹4
111 2826 274 2890 saniorem
298 2847 394 2891 esse:
417 2828 539 2912 quippe
563 2827 629 2890 ritu
651 2828 796 2890 ferarum
820 2828 976 2909 praedam
999 2829 1107 2903 modo,
1134 2848 1160 2888 u

110 2951 209 3014 quam
235 2941 413 3013 expeteret,
436 2932 623 2995 intuentem
649 2931 683 2994 in
710 2931 899 3012 perniciem,
919 2951 1003 3014 quae
1030 2941 1110 2997 ante

110 3035 264 3117 praedam
282 3036 389 3116 posita
404 3044 503 3111 esset,
522 3034 722 3100 incurrere.”

155 3138 280 3203 Similis
305 3141 391 3220 apud
419 3141 622 3203 Macedones
648 3159 779 3223 quoque
806 3138 993 3203 sollicitudo
1018 3148 1111 3205 erat:

110 3251 311 3325 noctemque
326 3243 417 3306 velut
433 3243 468 3305 in
484 3263 557 3307 eam
583 3242 764 3308 certamine
788 3242 897 3307 edicto
920 3253 1012 3306 metu
1036 3262 1112 3325 ege-

63 3371 92 3425 15
111 3355 196 3410 runt.
246 3347 437 3410 Alexander
453 3367 518 3410 non
539 3347 619 3410 alias
643 3346 748 3429 magis
772 3346 907 3410 territus
923 3347 965 3408 ad
980 3355 1059 3409 vota
1075 3355 1109 3410 et
1136 3367 1161 3408 ao

111 3470 227 3532 preces
236 3450 472 3515 Aristandrum
483 3450 594 3514 vocari
604 3450 705 3515 iubet.
747 3451 806 3513 ilie
819 3449 851 3512 in
863 3449 1004 3512 candida
1015 3458 1110 3513 veste

109 3554 271 3617 verbenas
307 3574 409 3617 manu
446 3554 640 3637 praeferens
678 3553 786 3636 capite
819 3553 929 3616 velato
960 3552 1110 3635 praeibat

74 3736 216 3788 Μ’ΨΜ·
242 3756 278 3796 23·
294 3746 421 3802 praesides,
429 3751 586 3804 wardebus.
627 3763 662 3802 ²⁴·
675 3737 996 3794 veoorriibus,mad,sooiish·
1028 3736 1190 3787 mseioenu,

146 3870 149 3875 Α
240 3812 345 3854 sacred
348 3812 486 3860 brancha.
522 3814 632 3870 praeibat
642 3825 734 3868 preces,
744 3805 848 3852 dictatant
855 3807 973 3856 praem·
