2476 4036
115 144 157 224 76
482 143 519 224 Q.
549 143 646 210 cmi
665 144 749 230 Rufi

114 337 253 412 regente
276 328 451 413 utriusque
474 328 635 393 terminos
657 329 761 412 regni,
782 328 816 392 id
839 347 1006 413 quemque
1028 327 1120 393 babi-

114 442 235 522 turum,
252 434 339 515 quod
364 433 530 516 proximae
553 433 637 497 lucis
653 433 866 515 adsignatura
880 433 1017 496 fortuna
1032 431 1117 497 est.’'

64 560 97 597 22
115 537 235 620 Legati
256 538 468 618 respondent,
491 558 567 602 cum
588 537 712 600 bellum
740 536 774 598 in
797 536 908 599 animo
929 535 982 611 sit,
1004 535 1119 600 facere

113 661 189 705 eum
201 640 404 722 simpliciter,
416 641 504 725 quod
517 660 576 722 spe
588 640 680 722 pacis
691 660 759 703 non
770 639 1006 703 frustraretur:
1025 639 1118 721 ipsos

112 754 237 828 petere,
255 756 290 808 ut
308 765 406 828 quam
424 745 565 827 primum
581 744 795 807 dimittantur
816 744 858 808 ad
880 762 1015 826 regem:
1039 762 1117 807 eum
1155 761 1167 801 a

113 869 244 933 quoque
281 849 404 913 bellum
439 869 555 931 parare
587 848 717 912 debere.
779 845 918 911 Dimissi
958 846 1118 911 nuntiant

112 953 230 1017 adesse
246 962 424 1017 certamen.

519 1098 602 1164 Car.
629 1099 710 1164 XII.

81 1294 93 1333 r
157 1267 219 1332 Ille
239 1267 371 1351 quidem
395 1266 573 1332 confestim
600 1267 773 1330 Mazaeum
796 1287 873 1332 cum
895 1265 1004 1330 tribus
1026 1266 1167 1350 equi-46

112 1380 184 1435 tum
212 1371 347 1435 milibus
373 1372 416 1434 ad
442 1370 571 1446 itinera,
596 1391 680 1453 quae
702 1370 810 1434 hostis
836 1370 1004 1453 petiturus
1031 1380 1114 1446 erat,

79 1476 305 1557 aoccupanda
320 1474 501 1556 praemisit.
549 1473 741 1537 Alexander
757 1473 885 1556 corpori
908 1473 1018 1537 uxoris
1041 1473 1115 1538 eius
1142 1490 1167 1531 1⁰

112 1578 209 1642 iustis
239 1577 418 1660 persolutis
449 1577 608 1661 omnique
637 1577 789 1659 graviore
827 1576 988 1642 comitatu
1026 1577 1116 1642 intra

112 1683 228 1746 eadem
255 1681 462 1745 munimenta
487 1701 562 1745 cum
587 1673 717 1744 modico
742 1680 906 1763 praesidio
931 1680 1046 1744 relicto
1071 1682 1114 1745 ad

79 1788 243 1852 shostem
261 1785 444 1850 contendit.
490 1784 531 1848 In
547 1785 613 1848 duo
637 1804 762 1849 cornua
784 1784 941 1847 diviserat
964 1784 1114 1866 peditem

111 1890 246 1973 utrique
262 1890 358 1953 lateri
374 1888 486 1972 equite
502 1888 728 1952 circumdato:
751 1888 979 1971 inpedimenta
1000 1908 1115 1971 seque-

77 2012 96 2062 4
112 1996 234 2058 bantur
248 2013 377 2076 agmen.
426 1992 647 2056 Praemissum
664 1992 785 2055 deinde
801 2012 876 2056 cum
900 1990 975 2056 citis
998 1992 1113 2076 equiti·
1141 2011 1166 2053 u

111 2098 174 2162 bus
191 2098 350 2161 Menidan
366 2097 459 2161 iubet
482 2096 661 2178 explorare,
678 2096 736 2160 ubi
760 2096 892 2160 Dareus
915 2105 1017 2160 esset.
1062 2095 1112 2159 At

112 2201 176 2276 ille,
194 2222 269 2265 cum
287 2201 443 2265 Mazaeus
459 2200 547 2264 haud
564 2200 678 2282 procul
694 2200 913 2276 consedisset,
927 2220 994 2263 non
1010 2220 1113 2264 ausus

112 2304 199 2368 ultra
214 2305 403 2387 procedere,
421 2304 503 2368 nibil
519 2304 608 2368 aliud
624 2325 723 2386 quam
743 2302 915 2368 fremitum
938 2304 1111 2368 hominum

78 2409 344 2493 Shinnitumque
375 2427 533 2492 equorum
565 2408 740 2472 exaudisse
766 2408 907 2472 nuntiat.
956 2408 1113 2472 Mazaeus

111 2533 243 2596 quoque
260 2512 449 2595 conspectis
465 2509 579 2594 procul
598 2511 861 2594 exploratoribus
884 2512 918 2575 in
942 2521 1051 2576 castra
1074 2533 1111 2576 se
1139 2533 1166 2574 ro

111 2617 246 2699 recepit,
273 2616 436 2680 adventus
464 2615 611 2679 hostium
638 2616 785 2680 nuntius.
835 2615 943 2698 Igitur
969 2617 1110 2694 Dareus,

109 2720 224 2803 quiin
248 2719 442 2802 patentibus
466 2719 592 2802 campis
615 2720 794 2783 decernere
820 2721 967 2801 optabat,
991 2721 1112 2784 armari

77 2823 251 2889 omilitem
281 2823 372 2886 iubet
403 2823 574 2907 aciemque
604 2823 758 2905 disponit.
814 2824 854 2887 In
885 2824 978 2887 laevo
1008 2845 1112 2889 cornu

112 2926 279 2990 Bactriani
296 2927 389 2989 ibant
406 2927 545 3010 equites,
562 2926 652 2990 mille
675 2928 873 2991 admodum:
901 2928 1014 2992 Lahae
1037 2928 1113 2992 toti-

111 3030 186 3093 dem
200 3040 235 3094 et
248 3030 425 3094 Arachosii
439 3030 638 3114 Susianique
651 3041 809 3114 quattuor
820 3031 910 3095 milia
922 3031 1109 3113 explebant.
1138 3055 1165 3095 as

111 3135 186 3198 Hos
210 3143 346 3198 centum
369 3135 482 3198 falcati
507 3155 623 3199 currus
646 3136 879 3217 sequebantur.
939 3137 1111 3201 Proximus

109 3238 279 3322 quadrigis
295 3248 366 3302 erat
383 3239 507 3303 Bessus
523 3259 598 3303 cum
615 3257 679 3302 v111
696 3239 829 3304 milibus
852 3239 1012 3322 equitum,
1029 3240 1110 3304 item

111 3342 305 3407 Bactrianis.
355 3344 567 3426 Massagetae
583 3344 712 3407 duobus
736 3344 870 3408 milibus
892 3364 1014 3426 agmen
1038 3345 1111 3410 eius

77 3465 92 3519 7
110 3447 319 3512 claudebant.
368 3446 501 3510 Pedites
517 3445 568 3509 his
585 3446 728 3528 plurium
746 3448 897 3530 gentium
914 3468 982 3511 non
998 3448 1113 3513 inmix-

106 3558 168 3622 tos,
186 3551 247 3613 sed
264 3569 347 3614 suae
362 3549 522 3634 cuiusque
538 3550 684 3615 nationis
700 3549 852 3615 iunxerat
869 3552 990 3635 copias.
1038 3553 1113 3617 Per·
1138 3578 1165 3619 u

7 3727 29 3763 ⁶
48 3719 191 3782 timpum
201 3735 320 3794 ήκω).
377 3743 653 3801 mmmmm,
707 3758 744 3788 ῃ.
761 3740 863 3799 melon
872 3735 1188 3790 merula-besdum

560 3811 676 3858 disabled.
