<?xml version="1.0" encoding="UTF-8"?>
<!DOCTYPE html PUBLIC "-//W3C//DTD XHTML 1.0 Transitional//EN"
    "http://www.w3.org/TR/xhtml1/DTD/xhtml1-transitional.dtd">
<html xmlns="http://www.w3.org/1999/xhtml" xml:lang="en" lang="en">
 <head>
  <title>
</title>
<meta http-equiv="Content-Type" content="text/html;charset=utf-8" />
  <meta name='ocr-system' content='tesseract 3.04.00' />
  <meta name='ocr-capabilities' content='ocr_page ocr_carea ocr_par ocr_line ocrx_word'/>
</head>
<body>
  <div class='ocr_page' id='page_1' title='image "./qcurtirufihisto03rufugoog_0033.png"; bbox 0 0 2476 4036; ppageno 0'>
   <div class='ocr_carea' id='block_1_1' title="bbox 85 146 753 236">
    <p class='ocr_par' dir='ltr' id='par_1_1' title="bbox 85 146 753 236">
     <span class='ocr_line' id='line_1_1' title="bbox 85 146 753 236; baseline 0 -22"><span class='ocrx_word' id='word_1_1' title='bbox 85 146 92 161; x_wconf 81' lang='grc'><strong><em>’</em></strong></span> <span class='ocrx_word' id='word_1_2' title='bbox 121 172 160 231; x_wconf 91' lang='lat'>14</span> <span class='ocrx_word' id='word_1_3' title='bbox 489 152 524 229; x_wconf 82' lang='lat' dir='ltr'>Q.</span> <span class='ocrx_word' id='word_1_4' title='bbox 553 151 649 216; x_wconf 81' lang='lat' dir='ltr'>Curti</span> <span class='ocrx_word' id='word_1_5' title='bbox 669 154 753 236; x_wconf 85' lang='lat' dir='ltr'>Rufi</span> 
     </span>
    </p>
   </div>
   <div class='ocr_carea' id='block_1_2' title="bbox 64 337 1169 3649">
    <p class='ocr_par' dir='ltr' id='par_1_2' title="bbox 64 337 1119 734">
     <span class='ocr_line' id='line_1_2' title="bbox 64 337 1119 405; baseline 0.004 -5"><span class='ocrx_word' id='word_1_6' title='bbox 64 348 69 353; x_wconf 87' lang='lat'>&#39;</span> <span class='ocrx_word' id='word_1_7' title='bbox 115 357 207 401; x_wconf 91' lang='lat' dir='ltr'>arma</span> <span class='ocrx_word' id='word_1_8' title='bbox 237 346 271 400; x_wconf 90' lang='lat' dir='ltr'>et</span> <span class='ocrx_word' id='word_1_9' title='bbox 301 337 390 401; x_wconf 84' lang='lat' dir='ltr'>acies</span> <span class='ocrx_word' id='word_1_10' title='bbox 420 337 454 400; x_wconf 89' lang='lat' dir='ltr'>in</span> <span class='ocrx_word' id='word_1_11' title='bbox 485 338 590 401; x_wconf 93' lang='lat' dir='ltr'>oculis</span> <span class='ocrx_word' id='word_1_12' title='bbox 621 348 716 401; x_wconf 90' lang='lat' dir='ltr'>erant</span> <span class='ocrx_word' id='word_1_13' title='bbox 747 348 781 401; x_wconf 89' lang='lat' dir='ltr'>et</span> <span class='ocrx_word' id='word_1_14' title='bbox 812 339 983 403; x_wconf 90' lang='lat' dir='ltr'>victoriam</span> <span class='ocrx_word' id='word_1_15' title='bbox 1014 340 1049 404; x_wconf 90' lang='lat' dir='ltr'>in</span> <span class='ocrx_word' id='word_1_16' title='bbox 1077 362 1119 405; x_wconf 91' lang='lat' dir='ltr'>eo</span> 
     </span>
     <span class='ocr_line' id='line_1_3' title="bbox 114 441 1119 526; baseline 0.005 -22"><span class='ocrx_word' id='word_1_17' title='bbox 114 441 257 524; x_wconf 87' lang='lat' dir='ltr'><strong>positam</strong></span> <span class='ocrx_word' id='word_1_18' title='bbox 275 462 349 504; x_wconf 91' lang='lat' dir='ltr'>esse</span> <span class='ocrx_word' id='word_1_19' title='bbox 364 441 594 516; x_wconf 84' lang='lat' dir='ltr'>arbitrabatur,</span> <span class='ocrx_word' id='word_1_20' title='bbox 613 442 640 504; x_wconf 91' lang='lat' dir='ltr'>si</span> <span class='ocrx_word' id='word_1_21' title='bbox 663 451 795 504; x_wconf 87' lang='lat' dir='ltr'>tantum</span> <span class='ocrx_word' id='word_1_22' title='bbox 814 454 893 506; x_wconf 91' lang='lat' dir='ltr'>ante</span> <span class='ocrx_word' id='word_1_23' title='bbox 916 444 1012 526; x_wconf 87' lang='lat' dir='ltr'>signa</span> <span class='ocrx_word' id='word_1_24' title='bbox 1027 454 1119 508; x_wconf 87' lang='lat' dir='ltr'>stare</span> 
     </span>
     <span class='ocr_line' id='line_1_4' title="bbox 114 546 1119 628; baseline 0.003 -19"><span class='ocrx_word' id='word_1_25' title='bbox 114 546 289 628; x_wconf 88' lang='lat' dir='ltr'>potuisset,</span> <span class='ocrx_word' id='word_1_26' title='bbox 306 547 339 608; x_wconf 98' lang='lat' dir='ltr'>id</span> <span class='ocrx_word' id='word_1_27' title='bbox 363 547 480 628; x_wconf 92' lang='lat' dir='ltr'>ipsum,</span> <span class='ocrx_word' id='word_1_28' title='bbox 498 547 586 628; x_wconf 92' lang='lat' dir='ltr'>quod</span> <span class='ocrx_word' id='word_1_29' title='bbox 609 556 685 628; x_wconf 91' lang='lat' dir='ltr'>post</span> <span class='ocrx_word' id='word_1_30' title='bbox 705 547 792 609; x_wconf 94' lang='lat' dir='ltr'>diem</span> <span class='ocrx_word' id='word_1_31' title='bbox 817 548 953 610; x_wconf 89' lang='lat' dir='ltr'>tertium</span> <span class='ocrx_word' id='word_1_32' title='bbox 977 549 1119 612; x_wconf 88' lang='lat' dir='ltr'>mediea-</span> 
     </span>
     <span class='ocr_line' id='line_1_5' title="bbox 114 650 1118 734; baseline 0.002 -20"><span class='ocrx_word' id='word_1_33' title='bbox 114 661 266 714; x_wconf 89' lang='lat' dir='ltr'>mentum</span> <span class='ocrx_word' id='word_1_34' title='bbox 294 659 487 732; x_wconf 89' lang='lat' dir='ltr'>sumpturus</span> <span class='ocrx_word' id='word_1_35' title='bbox 514 650 714 713; x_wconf 88' lang='lat' dir='ltr'>esset—ita</span> <span class='ocrx_word' id='word_1_36' title='bbox 737 651 827 713; x_wconf 89' lang='lat' dir='ltr'>enim</span> <span class='ocrx_word' id='word_1_37' title='bbox 854 652 1002 715; x_wconf 91' lang='lat' dir='ltr'>medicus</span> <span class='ocrx_word' id='word_1_38' title='bbox 1026 673 1118 734; x_wconf 91' lang='lat' dir='ltr'>prae-</span> 
     </span>
    </p>

    <p class='ocr_par' dir='ltr' id='par_1_3' title="bbox 81 754 1169 1150">
     <span class='ocr_line' id='line_1_6' title="bbox 81 754 1169 836; baseline 0.001 -19"><span class='ocrx_word' id='word_1_39' title='bbox 81 754 402 836; x_wconf 84' lang='lat' dir='ltr'>4dixerat—aegre</span> <span class='ocrx_word' id='word_1_40' title='bbox 429 754 549 818; x_wconf 86' lang='lat' dir='ltr'>ferens.</span> <span class='ocrx_word' id='word_1_41' title='bbox 608 755 701 817; x_wconf 89' lang='lat' dir='ltr'>Inter</span> <span class='ocrx_word' id='word_1_42' title='bbox 731 756 812 818; x_wconf 88' lang='lat' dir='ltr'>haee</span> <span class='ocrx_word' id='word_1_43' title='bbox 838 777 858 817; x_wconf 92' lang='lat' dir='ltr'>a</span> <span class='ocrx_word' id='word_1_44' title='bbox 886 756 1114 832; x_wconf 87' lang='lat' dir='ltr'>Parmenione,</span> <span class='ocrx_word' id='word_1_45' title='bbox 1156 778 1169 818; x_wconf 73' lang='lat' dir='ltr'>u</span> 
     </span>
     <span class='ocr_line' id='line_1_7' title="bbox 114 858 1118 942; baseline 0.002 -21"><span class='ocrx_word' id='word_1_46' title='bbox 114 858 273 922; x_wconf 88' lang='lat' dir='ltr'>fidissimo</span> <span class='ocrx_word' id='word_1_47' title='bbox 296 868 560 941; x_wconf 92' lang='lat' dir='ltr'>purpuratorum,</span> <span class='ocrx_word' id='word_1_48' title='bbox 581 858 710 921; x_wconf 89' lang='lat' dir='ltr'>litteras</span> <span class='ocrx_word' id='word_1_49' title='bbox 732 860 862 942; x_wconf 88' lang='lat' dir='ltr'>accipit,</span> <span class='ocrx_word' id='word_1_50' title='bbox 880 860 999 942; x_wconf 89' lang='lat' dir='ltr'>quibus</span> <span class='ocrx_word' id='word_1_51' title='bbox 1015 860 1046 923; x_wconf 90' lang='lat' dir='ltr'>ei</span> <span class='ocrx_word' id='word_1_52' title='bbox 1063 861 1118 923; x_wconf 92' lang='lat' dir='ltr'>de·</span> 
     </span>
     <span class='ocr_line' id='line_1_8' title="bbox 115 963 1116 1046; baseline 0.005 -21"><span class='ocrx_word' id='word_1_53' title='bbox 115 963 300 1038; x_wconf 89' lang='lat' dir='ltr'>nuntiabat,</span> <span class='ocrx_word' id='word_1_54' title='bbox 325 982 368 1025; x_wconf 92' lang='lat' dir='ltr'>ne</span> <span class='ocrx_word' id='word_1_55' title='bbox 396 963 538 1026; x_wconf 90' lang='lat' dir='ltr'>salutem</span> <span class='ocrx_word' id='word_1_56' title='bbox 566 984 659 1026; x_wconf 91' lang='lat' dir='ltr'>suam</span> <span class='ocrx_word' id='word_1_57' title='bbox 688 964 839 1046; x_wconf 91' lang='lat' dir='ltr'>Philippo</span> <span class='ocrx_word' id='word_1_58' title='bbox 870 964 1116 1030; x_wconf 88' lang='lat' dir='ltr'>committeret:</span> 
     </span>
     <span class='ocr_line' id='line_1_9' title="bbox 114 1067 1115 1150; baseline 0.003 -21"><span class='ocrx_word' id='word_1_59' title='bbox 114 1067 204 1130; x_wconf 91' lang='lat' dir='ltr'>mille</span> <span class='ocrx_word' id='word_1_60' title='bbox 227 1067 362 1130; x_wconf 89' lang='lat' dir='ltr'>talentis</span> <span class='ocrx_word' id='word_1_61' title='bbox 379 1088 398 1129; x_wconf 90' lang='lat' dir='ltr'>a</span> <span class='ocrx_word' id='word_1_62' title='bbox 415 1068 525 1130; x_wconf 90' lang='lat' dir='ltr'>Dareo</span> <span class='ocrx_word' id='word_1_63' title='bbox 542 1077 576 1130; x_wconf 98' lang='lat' dir='ltr'>et</span> <span class='ocrx_word' id='word_1_64' title='bbox 600 1088 659 1148; x_wconf 91' lang='lat' dir='ltr'>spe</span> <span class='ocrx_word' id='word_1_65' title='bbox 683 1068 871 1150; x_wconf 91' lang='lat' dir='ltr'>nuptiarum</span> <span class='ocrx_word' id='word_1_66' title='bbox 897 1069 1018 1132; x_wconf 92' lang='lat' dir='ltr'>sororis</span> <span class='ocrx_word' id='word_1_67' title='bbox 1042 1069 1115 1132; x_wconf 93' lang='lat' dir='ltr'>eius</span> 
     </span>
    </p>

    <p class='ocr_par' dir='ltr' id='par_1_4' title="bbox 82 1172 1168 1460">
     <span class='ocr_line' id='line_1_10' title="bbox 82 1172 1116 1254; baseline -0.001 -18"><span class='ocrx_word' id='word_1_68' title='bbox 82 1185 96 1238; x_wconf 84' lang='lat'><strong>5</strong></span> <span class='ocrx_word' id='word_1_69' title='bbox 115 1192 189 1234; x_wconf 90' lang='lat' dir='ltr'>esse</span> <span class='ocrx_word' id='word_1_70' title='bbox 205 1182 406 1253; x_wconf 89' lang='lat' dir='ltr'>corruptum.</span> <span class='ocrx_word' id='word_1_71' title='bbox 455 1173 633 1254; x_wconf 85' lang='lat' dir='ltr'>Ingentem</span> <span class='ocrx_word' id='word_1_72' title='bbox 656 1172 767 1234; x_wconf 91' lang='lat' dir='ltr'>animo</span> <span class='ocrx_word' id='word_1_73' title='bbox 791 1173 1048 1236; x_wconf 89' lang='lat' dir='ltr'>sollicitudinem</span> <span class='ocrx_word' id='word_1_74' title='bbox 1064 1173 1116 1236; x_wconf 93' lang='lat' dir='ltr'>lit-</span> 
     </span>
     <span class='ocr_line' id='line_1_11' title="bbox 114 1274 1168 1360; baseline 0.002 -22"><span class='ocrx_word' id='word_1_75' title='bbox 114 1287 205 1339; x_wconf 90' lang='lat' dir='ltr'>terae</span> <span class='ocrx_word' id='word_1_76' title='bbox 231 1275 441 1339; x_wconf 84' lang='lat' dir='ltr'>incusserant</span> <span class='ocrx_word' id='word_1_77' title='bbox 469 1286 511 1352; x_wconf 88' lang='lat' dir='ltr'>et,</span> <span class='ocrx_word' id='word_1_78' title='bbox 536 1276 694 1359; x_wconf 90' lang='lat' dir='ltr'>quidquid</span> <span class='ocrx_word' id='word_1_79' title='bbox 724 1274 758 1338; x_wconf 94' lang='lat' dir='ltr'>in</span> <span class='ocrx_word' id='word_1_80' title='bbox 785 1287 960 1360; x_wconf 89' lang='lat' dir='ltr'>utramque</span> <span class='ocrx_word' id='word_1_81' title='bbox 986 1287 1114 1359; x_wconf 91' lang='lat' dir='ltr'>partem</span> <span class='ocrx_word' id='word_1_82' title='bbox 1142 1302 1168 1341; x_wconf 79' lang='lat'>10</span> 
     </span>
     <span class='ocr_line' id='line_1_12' title="bbox 113 1379 1115 1460; baseline 0.001 -18"><span class='ocrx_word' id='word_1_83' title='bbox 113 1389 170 1443; x_wconf 92' lang='lat' dir='ltr'>aut</span> <span class='ocrx_word' id='word_1_84' title='bbox 194 1389 304 1443; x_wconf 89' lang='lat' dir='ltr'>metus</span> <span class='ocrx_word' id='word_1_85' title='bbox 327 1390 384 1443; x_wconf 91' lang='lat' dir='ltr'>aut</span> <span class='ocrx_word' id='word_1_86' title='bbox 408 1401 484 1460; x_wconf 92' lang='lat' dir='ltr'>spes</span> <span class='ocrx_word' id='word_1_87' title='bbox 509 1379 705 1456; x_wconf 90' lang='lat' dir='ltr'>subiecerat,</span> <span class='ocrx_word' id='word_1_88' title='bbox 731 1391 859 1444; x_wconf 90' lang='lat' dir='ltr'>secreta</span> <span class='ocrx_word' id='word_1_89' title='bbox 881 1381 1115 1445; x_wconf 87' lang='lat' dir='ltr'>aestimatione</span> 
     </span>
    </p>

    <p class='ocr_par' dir='ltr' id='par_1_5' title="bbox 81 1485 1166 1878">
     <span class='ocr_line' id='line_1_13' title="bbox 81 1485 1116 1567; baseline 0.001 -21"><span class='ocrx_word' id='word_1_90' title='bbox 81 1485 283 1567; x_wconf 72' lang='lat' dir='ltr'>⁶pensabat.</span> <span class='ocrx_word' id='word_1_91' title='bbox 334 1485 482 1549; x_wconf 88' lang='lat' dir='ltr'>“Bibere</span> <span class='ocrx_word' id='word_1_92' title='bbox 506 1503 726 1566; x_wconf 88' lang='lat' dir='ltr'>perseverem,</span> <span class='ocrx_word' id='word_1_93' title='bbox 750 1494 796 1560; x_wconf 92' lang='lat' dir='ltr'>ut,</span> <span class='ocrx_word' id='word_1_94' title='bbox 821 1485 849 1548; x_wconf 91' lang='lat' dir='ltr'>si</span> <span class='ocrx_word' id='word_1_95' title='bbox 872 1506 1038 1549; x_wconf 91' lang='lat' dir='ltr'>venenum</span> <span class='ocrx_word' id='word_1_96' title='bbox 1062 1486 1116 1547; x_wconf 91' lang='lat' dir='ltr'>da·</span> 
     </span>
     <span class='ocr_line' id='line_1_14' title="bbox 114 1587 1113 1673; baseline 0 -22"><span class='ocrx_word' id='word_1_97' title='bbox 114 1599 185 1651; x_wconf 93' lang='lat' dir='ltr'>tum</span> <span class='ocrx_word' id='word_1_98' title='bbox 209 1588 317 1664; x_wconf 87' lang='lat' dir='ltr'>fuerit,</span> <span class='ocrx_word' id='word_1_99' title='bbox 342 1609 385 1673; x_wconf 87' lang='lat' dir='ltr'>ne</span> <span class='ocrx_word' id='word_1_100' title='bbox 408 1587 574 1650; x_wconf 90' lang='lat' dir='ltr'>immerito</span> <span class='ocrx_word' id='word_1_101' title='bbox 598 1587 740 1670; x_wconf 92' lang='lat' dir='ltr'>quidem,</span> <span class='ocrx_word' id='word_1_102' title='bbox 765 1589 923 1671; x_wconf 92' lang='lat' dir='ltr'>quidquid</span> <span class='ocrx_word' id='word_1_103' title='bbox 946 1589 1113 1665; x_wconf 86' lang='lat' dir='ltr'>acciderit,</span> 
     </span>
     <span class='ocr_line' id='line_1_15' title="bbox 115 1692 1116 1761; baseline 0 -5"><span class='ocrx_word' id='word_1_104' title='bbox 115 1693 265 1756; x_wconf 90' lang='lat' dir='ltr'>evenisse</span> <span class='ocrx_word' id='word_1_105' title='bbox 280 1692 453 1755; x_wconf 90' lang='lat' dir='ltr'>videatur?</span> <span class='ocrx_word' id='word_1_106' title='bbox 498 1692 665 1754; x_wconf 93' lang='lat' dir='ltr'>Damnem</span> <span class='ocrx_word' id='word_1_107' title='bbox 682 1692 801 1755; x_wconf 91' lang='lat' dir='ltr'>medici</span> <span class='ocrx_word' id='word_1_108' title='bbox 817 1693 938 1761; x_wconf 87' lang='lat' dir='ltr'>fidem?</span> <span class='ocrx_word' id='word_1_109' title='bbox 958 1693 992 1755; x_wconf 90' lang='lat' dir='ltr'>in</span> <span class='ocrx_word' id='word_1_110' title='bbox 1008 1693 1116 1756; x_wconf 90' lang='lat' dir='ltr'>taber-</span> 
     </span>
     <span class='ocr_line' id='line_1_16' title="bbox 115 1795 1166 1878; baseline 0.004 -20"><span class='ocrx_word' id='word_1_111' title='bbox 115 1797 232 1860; x_wconf 86' lang='lat' dir='ltr'>naculo</span> <span class='ocrx_word' id='word_1_112' title='bbox 248 1816 327 1878; x_wconf 86' lang='lat' dir='ltr'>ergo</span> <span class='ocrx_word' id='word_1_113' title='bbox 343 1817 396 1859; x_wconf 94' lang='lat' dir='ltr'>me</span> <span class='ocrx_word' id='word_1_114' title='bbox 412 1795 553 1877; x_wconf 92' lang='lat' dir='ltr'>opprimi</span> <span class='ocrx_word' id='word_1_115' title='bbox 577 1795 705 1877; x_wconf 89' lang='lat' dir='ltr'>patiar?</span> <span class='ocrx_word' id='word_1_116' title='bbox 750 1795 800 1858; x_wconf 88' lang='lat' dir='ltr'>At</span> <span class='ocrx_word' id='word_1_117' title='bbox 817 1796 921 1859; x_wconf 90' lang='lat' dir='ltr'>satius</span> <span class='ocrx_word' id='word_1_118' title='bbox 938 1805 989 1860; x_wconf 91' lang='lat' dir='ltr'>est</span> <span class='ocrx_word' id='word_1_119' title='bbox 1005 1796 1114 1860; x_wconf 89' lang='lat' dir='ltr'>alieno</span> <span class='ocrx_word' id='word_1_120' title='bbox 1140 1823 1166 1862; x_wconf 81' lang='lat'>15</span> 
     </span>
    </p>

    <p class='ocr_par' dir='ltr' id='par_1_6' title="bbox 83 1897 1115 2191">
     <span class='ocr_line' id='line_1_17' title="bbox 83 1897 1114 1982; baseline 0 -19"><span class='ocrx_word' id='word_1_121' title='bbox 83 1921 97 1972; x_wconf 87' lang='lat'><em>7</em></span> <span class='ocrx_word' id='word_1_122' title='bbox 115 1920 168 1963; x_wconf 92' lang='lat' dir='ltr'>me</span> <span class='ocrx_word' id='word_1_123' title='bbox 191 1900 274 1962; x_wconf 92' lang='lat' dir='ltr'>mori</span> <span class='ocrx_word' id='word_1_124' title='bbox 297 1901 431 1975; x_wconf 90' lang='lat' dir='ltr'>scelere,</span> <span class='ocrx_word' id='word_1_125' title='bbox 449 1921 548 1982; x_wconf 91' lang='lat' dir='ltr'>quam</span> <span class='ocrx_word' id='word_1_126' title='bbox 567 1909 659 1962; x_wconf 93' lang='lat' dir='ltr'>metu</span> <span class='ocrx_word' id='word_1_127' title='bbox 676 1897 823 1963; x_wconf 89' lang='lat' dir='ltr'>nostr0.’&#39;</span> <span class='ocrx_word' id='word_1_128' title='bbox 870 1900 937 1963; x_wconf 93' lang='lat' dir='ltr'>Diu</span> <span class='ocrx_word' id='word_1_129' title='bbox 953 1900 1064 1964; x_wconf 85' lang='lat' dir='ltr'>animo</span> <span class='ocrx_word' id='word_1_130' title='bbox 1080 1900 1114 1963; x_wconf 94' lang='lat' dir='ltr'>in</span> 
     </span>
     <span class='ocr_line' id='line_1_18' title="bbox 115 1998 1114 2086; baseline 0 -19"><span class='ocrx_word' id='word_1_131' title='bbox 115 2005 245 2067; x_wconf 89' lang='lat' dir='ltr'>diversa</span> <span class='ocrx_word' id='word_1_132' title='bbox 266 2013 398 2068; x_wconf 90' lang='lat' dir='ltr'>versato</span> <span class='ocrx_word' id='word_1_133' title='bbox 425 2004 515 2078; x_wconf 89' lang='lat' dir='ltr'>nulli,</span> <span class='ocrx_word' id='word_1_134' title='bbox 541 2004 619 2086; x_wconf 93' lang='lat' dir='ltr'>quid</span> <span class='ocrx_word' id='word_1_135' title='bbox 643 2003 806 2085; x_wconf 89' lang='lat' dir='ltr'>scriptum</span> <span class='ocrx_word' id='word_1_136' title='bbox 837 1998 935 2080; x_wconf 80' lang='lat' dir='ltr'>es&#39;set,</span> <span class='ocrx_word' id='word_1_137' title='bbox 960 2005 1114 2067; x_wconf 89' lang='lat' dir='ltr'>enuntiat</span> 
     </span>
     <span class='ocr_line' id='line_1_19' title="bbox 115 2106 1115 2191; baseline -0.001 -20"><span class='ocrx_word' id='word_1_138' title='bbox 115 2109 356 2191; x_wconf 89' lang='lat' dir='ltr'>epistolamque</span> <span class='ocrx_word' id='word_1_139' title='bbox 381 2107 488 2190; x_wconf 86' lang='lat' dir='ltr'>sigillo</span> <span class='ocrx_word' id='word_1_140' title='bbox 515 2107 605 2169; x_wconf 89' lang='lat' dir='ltr'>anuli</span> <span class='ocrx_word' id='word_1_141' title='bbox 632 2107 684 2170; x_wconf 91' lang='lat' dir='ltr'>sui</span> <span class='ocrx_word' id='word_1_142' title='bbox 715 2106 865 2187; x_wconf 89' lang='lat' dir='ltr'>inpresso</span> <span class='ocrx_word' id='word_1_143' title='bbox 892 2108 1036 2190; x_wconf 93' lang='lat' dir='ltr'>pulvin0,</span> <span class='ocrx_word' id='word_1_144' title='bbox 1062 2108 1115 2172; x_wconf 91' lang='lat' dir='ltr'>cui</span> 
     </span>
    </p>

    <p class='ocr_par' dir='ltr' id='par_1_7' title="bbox 82 2211 1166 2399">
     <span class='ocr_line' id='line_1_20' title="bbox 82 2211 1165 2293; baseline -0.001 -17"><span class='ocrx_word' id='word_1_145' title='bbox 82 2213 303 2288; x_wconf 89' lang='lat' dir='ltr'>8incubabat,</span> <span class='ocrx_word' id='word_1_146' title='bbox 336 2212 485 2277; x_wconf 90' lang='lat' dir='ltr'>subiecit.</span> <span class='ocrx_word' id='word_1_147' title='bbox 549 2212 643 2274; x_wconf 90' lang='lat' dir='ltr'>Inter</span> <span class='ocrx_word' id='word_1_148' title='bbox 672 2211 732 2274; x_wconf 90' lang='lat' dir='ltr'>has</span> <span class='ocrx_word' id='word_1_149' title='bbox 764 2211 983 2293; x_wconf 87' lang='lat' dir='ltr'>cogitationes</span> <span class='ocrx_word' id='word_1_150' title='bbox 1014 2213 1114 2275; x_wconf 89' lang='lat' dir='ltr'>biduo</span> <span class='ocrx_word' id='word_1_151' title='bbox 1129 2216 1165 2276; x_wconf 84' lang='lat'>15</span> 
     </span>
     <span class='ocr_line' id='line_1_21' title="bbox 114 2315 1166 2399; baseline -0.002 -19"><span class='ocrx_word' id='word_1_152' title='bbox 114 2319 291 2399; x_wconf 90' lang='lat' dir='ltr'>absumpto</span> <span class='ocrx_word' id='word_1_153' title='bbox 307 2316 413 2379; x_wconf 86' lang='lat' dir='ltr'>illuxit</span> <span class='ocrx_word' id='word_1_154' title='bbox 429 2336 449 2380; x_wconf 94' lang='lat' dir='ltr'>a</span> <span class='ocrx_word' id='word_1_155' title='bbox 464 2315 592 2379; x_wconf 90' lang='lat' dir='ltr'>medico</span> <span class='ocrx_word' id='word_1_156' title='bbox 609 2315 798 2378; x_wconf 89' lang='lat' dir='ltr'>destinatus</span> <span class='ocrx_word' id='word_1_157' title='bbox 814 2315 894 2391; x_wconf 88' lang='lat' dir='ltr'>dies,</span> <span class='ocrx_word' id='word_1_158' title='bbox 912 2325 946 2379; x_wconf 88' lang='lat' dir='ltr'>et</span> <span class='ocrx_word' id='word_1_159' title='bbox 966 2316 1021 2379; x_wconf 93' lang='lat' dir='ltr'>ille</span> <span class='ocrx_word' id='word_1_160' title='bbox 1038 2336 1114 2380; x_wconf 91' lang='lat' dir='ltr'>cum</span> <span class='ocrx_word' id='word_1_161' title='bbox 1140 2339 1166 2378; x_wconf 77' lang='lat' dir='ltr'>ao</span> 
     </span>
    </p>

    <p class='ocr_par' dir='ltr' id='par_1_8' title="bbox 81 2419 1165 3024">
     <span class='ocr_line' id='line_1_22' title="bbox 81 2419 1113 2504; baseline -0.001 -19"><span class='ocrx_word' id='word_1_162' title='bbox 81 2450 97 2500; x_wconf 92' lang='lat'><strong>9</strong></span> <span class='ocrx_word' id='word_1_163' title='bbox 114 2421 240 2504; x_wconf 84' lang='lat' dir='ltr'>poculo,</span> <span class='ocrx_word' id='word_1_164' title='bbox 255 2420 289 2482; x_wconf 93' lang='lat' dir='ltr'>in</span> <span class='ocrx_word' id='word_1_165' title='bbox 305 2441 370 2502; x_wconf 92' lang='lat' dir='ltr'>quo</span> <span class='ocrx_word' id='word_1_166' title='bbox 386 2420 665 2486; x_wconf 88' lang='lat' dir='ltr'>medicamentum</span> <span class='ocrx_word' id='word_1_167' title='bbox 682 2419 832 2495; x_wconf 84' lang='lat' dir='ltr'>diluerat,</span> <span class='ocrx_word' id='word_1_168' title='bbox 849 2419 993 2483; x_wconf 90' lang='lat' dir='ltr'>intravit.</span> <span class='ocrx_word' id='word_1_169' title='bbox 1036 2420 1113 2502; x_wconf 85' lang='lat' dir='ltr'>Quo</span> 
     </span>
     <span class='ocr_line' id='line_1_23' title="bbox 113 2525 1114 2607; baseline 0 -19"><span class='ocrx_word' id='word_1_170' title='bbox 113 2526 184 2589; x_wconf 92' lang='lat' dir='ltr'>viso</span> <span class='ocrx_word' id='word_1_171' title='bbox 208 2525 401 2589; x_wconf 89' lang='lat' dir='ltr'>Alexander</span> <span class='ocrx_word' id='word_1_172' title='bbox 422 2527 531 2589; x_wconf 88' lang='lat' dir='ltr'>levato</span> <span class='ocrx_word' id='word_1_173' title='bbox 554 2546 690 2606; x_wconf 88' lang='lat' dir='ltr'>corpore</span> <span class='ocrx_word' id='word_1_174' title='bbox 713 2527 747 2589; x_wconf 89' lang='lat' dir='ltr'>in</span> <span class='ocrx_word' id='word_1_175' title='bbox 771 2526 870 2590; x_wconf 90' lang='lat' dir='ltr'>cubili</span> <span class='ocrx_word' id='word_1_176' title='bbox 897 2525 1072 2607; x_wconf 90' lang='lat' dir='ltr'>epistolam</span> <span class='ocrx_word' id='word_1_177' title='bbox 1095 2545 1114 2588; x_wconf 88' lang='lat' dir='ltr'>a</span> 
     </span>
     <span class='ocr_line' id='line_1_24' title="bbox 115 2629 1114 2712; baseline -0.001 -19"><span class='ocrx_word' id='word_1_178' title='bbox 115 2629 333 2693; x_wconf 88' lang='lat' dir='ltr'>Parmenione</span> <span class='ocrx_word' id='word_1_179' title='bbox 364 2631 499 2693; x_wconf 92' lang='lat' dir='ltr'>missam</span> <span class='ocrx_word' id='word_1_180' title='bbox 534 2630 669 2693; x_wconf 89' lang='lat' dir='ltr'>sinistra</span> <span class='ocrx_word' id='word_1_181' title='bbox 706 2652 806 2693; x_wconf 90' lang='lat' dir='ltr'>manu</span> <span class='ocrx_word' id='word_1_182' title='bbox 836 2642 956 2693; x_wconf 91' lang='lat' dir='ltr'>tenens</span> <span class='ocrx_word' id='word_1_183' title='bbox 994 2630 1114 2712; x_wconf 84' lang='lat' dir='ltr'>accipit</span> 
     </span>
     <span class='ocr_line' id='line_1_25' title="bbox 113 2733 1114 2817; baseline -0.001 -20"><span class='ocrx_word' id='word_1_184' title='bbox 113 2734 268 2817; x_wconf 90' lang='lat' dir='ltr'>poculum</span> <span class='ocrx_word' id='word_1_185' title='bbox 292 2742 326 2796; x_wconf 90' lang='lat' dir='ltr'>et</span> <span class='ocrx_word' id='word_1_186' title='bbox 352 2733 461 2797; x_wconf 91' lang='lat' dir='ltr'>haurit</span> <span class='ocrx_word' id='word_1_187' title='bbox 488 2733 681 2798; x_wconf 88' lang='lat' dir='ltr'>interritus:</span> <span class='ocrx_word' id='word_1_188' title='bbox 711 2743 783 2797; x_wconf 90' lang='lat' dir='ltr'>tum</span> <span class='ocrx_word' id='word_1_189' title='bbox 807 2733 980 2816; x_wconf 90' lang='lat' dir='ltr'>epistolam</span> <span class='ocrx_word' id='word_1_190' title='bbox 1003 2734 1114 2817; x_wconf 87' lang='lat' dir='ltr'>legere</span> 
     </span>
     <span class='ocr_line' id='line_1_26' title="bbox 114 2836 1165 2920; baseline -0.003 -19"><span class='ocrx_word' id='word_1_191' title='bbox 114 2838 304 2920; x_wconf 91' lang='lat' dir='ltr'>Philippum</span> <span class='ocrx_word' id='word_1_192' title='bbox 334 2836 426 2900; x_wconf 89' lang='lat' dir='ltr'>iubet</span> <span class='ocrx_word' id='word_1_193' title='bbox 454 2856 517 2900; x_wconf 91' lang='lat' dir='ltr'>nec</span> <span class='ocrx_word' id='word_1_194' title='bbox 540 2838 672 2901; x_wconf 87' lang='lat' dir='ltr'>avultu</span> <span class='ocrx_word' id='word_1_195' title='bbox 694 2837 838 2920; x_wconf 87' lang='lat' dir='ltr'>legentis</span> <span class='ocrx_word' id='word_1_196' title='bbox 861 2837 965 2900; x_wconf 91' lang='lat' dir='ltr'>movit</span> <span class='ocrx_word' id='word_1_197' title='bbox 988 2838 1112 2913; x_wconf 91' lang='lat' dir='ltr'>oculos,</span> <span class='ocrx_word' id='word_1_198' title='bbox 1140 2859 1165 2898; x_wconf 75' lang='lat' dir='ltr'>rs</span> 
     </span>
     <span class='ocr_line' id='line_1_27' title="bbox 112 2940 1114 3024; baseline -0.002 -18"><span class='ocrx_word' id='word_1_199' title='bbox 112 2952 205 3006; x_wconf 91' lang='lat' dir='ltr'>ratus</span> <span class='ocrx_word' id='word_1_200' title='bbox 236 2940 361 3024; x_wconf 84' lang='lat' dir='ltr'>aliquas</span> <span class='ocrx_word' id='word_1_201' title='bbox 389 2940 613 3004; x_wconf 86' lang='lat' dir='ltr'>conscientiae</span> <span class='ocrx_word' id='word_1_202' title='bbox 644 2952 742 3005; x_wconf 89' lang='lat' dir='ltr'>notas</span> <span class='ocrx_word' id='word_1_203' title='bbox 772 2941 806 3005; x_wconf 93' lang='lat' dir='ltr'>in</span> <span class='ocrx_word' id='word_1_204' title='bbox 833 2941 905 3023; x_wconf 92' lang='lat' dir='ltr'>ipso</span> <span class='ocrx_word' id='word_1_205' title='bbox 932 2961 989 3006; x_wconf 91' lang='lat' dir='ltr'>ore</span> <span class='ocrx_word' id='word_1_206' title='bbox 1015 2961 1114 3023; x_wconf 92' lang='lat' dir='ltr'>posse</span> 
     </span>
    </p>

    <p class='ocr_par' dir='ltr' id='par_1_9' title="bbox 65 3045 1166 3442">
     <span class='ocr_line' id='line_1_28' title="bbox 65 3045 1114 3129; baseline 0 -21"><span class='ocrx_word' id='word_1_207' title='bbox 65 3071 97 3108; x_wconf 83' lang='grc' dir='ltr'>ιο</span> <span class='ocrx_word' id='word_1_208' title='bbox 112 3045 370 3129; x_wconf 88' lang='lat' dir='ltr'>deprehendere.</span> <span class='ocrx_word' id='word_1_209' title='bbox 424 3045 485 3108; x_wconf 93' lang='lat' dir='ltr'>Ille</span> <span class='ocrx_word' id='word_1_210' title='bbox 516 3045 657 3127; x_wconf 92' lang='lat' dir='ltr'>epistola</span> <span class='ocrx_word' id='word_1_211' title='bbox 686 3046 832 3128; x_wconf 88' lang='lat' dir='ltr'>perlecta</span> <span class='ocrx_word' id='word_1_212' title='bbox 861 3045 936 3127; x_wconf 94' lang='lat' dir='ltr'>plus</span> <span class='ocrx_word' id='word_1_213' title='bbox 967 3045 1114 3128; x_wconf 86' lang='lat' dir='ltr'>indigna-</span> 
     </span>
     <span class='ocr_line' id='line_1_29' title="bbox 111 3148 1113 3232; baseline -0.001 -19"><span class='ocrx_word' id='word_1_214' title='bbox 111 3149 215 3213; x_wconf 90' lang='lat' dir='ltr'>tionis</span> <span class='ocrx_word' id='word_1_215' title='bbox 231 3169 330 3232; x_wconf 94' lang='lat' dir='ltr'>quam</span> <span class='ocrx_word' id='word_1_216' title='bbox 353 3148 484 3232; x_wconf 92' lang='lat' dir='ltr'>pavoris</span> <span class='ocrx_word' id='word_1_217' title='bbox 507 3150 654 3212; x_wconf 89' lang='lat' dir='ltr'>ostendit</span> <span class='ocrx_word' id='word_1_218' title='bbox 677 3149 898 3232; x_wconf 84' lang='lat' dir='ltr'>proiectisque</span> <span class='ocrx_word' id='word_1_219' title='bbox 921 3148 1062 3213; x_wconf 89' lang='lat' dir='ltr'>amiculo</span> <span class='ocrx_word' id='word_1_220' title='bbox 1079 3158 1113 3212; x_wconf 91' lang='lat' dir='ltr'>et</span> 
     </span>
     <span class='ocr_line' id='line_1_30' title="bbox 112 3252 1112 3336; baseline -0.002 -19"><span class='ocrx_word' id='word_1_221' title='bbox 112 3253 233 3318; x_wconf 86' lang='lat' dir='ltr'>litteris</span> <span class='ocrx_word' id='word_1_222' title='bbox 249 3262 329 3316; x_wconf 90' lang='lat' dir='ltr'>ante</span> <span class='ocrx_word' id='word_1_223' title='bbox 345 3253 487 3316; x_wconf 87' lang='lat' dir='ltr'>lectum:</span> <span class='ocrx_word' id='word_1_224' title='bbox 514 3260 533 3288; x_wconf 80' lang='lat'>‘⁴</span> <span class='ocrx_word' id='word_1_225' title='bbox 543 3252 649 3329; x_wconf 88' lang='lat' dir='ltr'>Rex,’&#39;</span> <span class='ocrx_word' id='word_1_226' title='bbox 666 3253 783 3336; x_wconf 92' lang='lat' dir='ltr'>inquit,</span> <span class='ocrx_word' id='word_1_227' title='bbox 804 3260 965 3335; x_wconf 90' lang='lat' dir='ltr'>“semper</span> <span class='ocrx_word' id='word_1_228' title='bbox 980 3252 1112 3335; x_wconf 89' lang='lat' dir='ltr'>quidem</span> 
     </span>
     <span class='ocr_line' id='line_1_31' title="bbox 112 3357 1166 3442; baseline -0.003 -19"><span class='ocrx_word' id='word_1_229' title='bbox 112 3357 249 3442; x_wconf 80' lang='lat' dir='ltr'>spiritus</span> <span class='ocrx_word' id='word_1_230' title='bbox 264 3377 359 3421; x_wconf 90' lang='lat' dir='ltr'>meus</span> <span class='ocrx_word' id='word_1_231' title='bbox 376 3378 417 3421; x_wconf 87' lang='lat' dir='ltr'>ex</span> <span class='ocrx_word' id='word_1_232' title='bbox 434 3367 470 3422; x_wconf 91' lang='lat' dir='ltr'>te</span> <span class='ocrx_word' id='word_1_233' title='bbox 485 3358 652 3440; x_wconf 87' lang='lat' dir='ltr'>pependit,</span> <span class='ocrx_word' id='word_1_234' title='bbox 671 3359 730 3421; x_wconf 93' lang='lat' dir='ltr'>sed</span> <span class='ocrx_word' id='word_1_235' title='bbox 753 3378 842 3421; x_wconf 91' lang='lat' dir='ltr'>nunc</span> <span class='ocrx_word' id='word_1_236' title='bbox 857 3378 943 3434; x_wconf 88' lang='lat' dir='ltr'>vere,</span> <span class='ocrx_word' id='word_1_237' title='bbox 961 3357 1111 3433; x_wconf 90' lang='lat' dir='ltr'>arbitror,</span> <span class='ocrx_word' id='word_1_238' title='bbox 1139 3382 1166 3420; x_wconf 79' lang='lat' dir='ltr'>so</span> 
     </span>
    </p>

    <p class='ocr_par' dir='ltr' id='par_1_10' title="bbox 64 3461 1112 3543">
     <span class='ocr_line' id='line_1_32' title="bbox 64 3461 1112 3543; baseline -0.004 -16"><span class='ocrx_word' id='word_1_239' title='bbox 64 3486 94 3527; x_wconf 84' lang='lat' dir='ltr'>u</span> <span class='ocrx_word' id='word_1_240' title='bbox 112 3480 207 3535; x_wconf 75' lang='lat' dir='ltr'>sacro</span> <span class='ocrx_word' id='word_1_241' title='bbox 222 3470 258 3525; x_wconf 87' lang='lat' dir='ltr'>et</span> <span class='ocrx_word' id='word_1_242' title='bbox 272 3461 454 3526; x_wconf 86' lang='lat' dir='ltr'>venerabili</span> <span class='ocrx_word' id='word_1_243' title='bbox 466 3482 523 3525; x_wconf 91' lang='lat' dir='ltr'>ore</span> <span class='ocrx_word' id='word_1_244' title='bbox 535 3473 590 3526; x_wconf 78' lang='lat' dir='ltr'>tzco</span> <span class='ocrx_word' id='word_1_245' title='bbox 602 3462 752 3525; x_wconf 86' lang='lat' dir='ltr'>trahitur.</span> <span class='ocrx_word' id='word_1_246' title='bbox 788 3461 925 3526; x_wconf 90' lang='lat' dir='ltr'>Crimen</span> <span class='ocrx_word' id='word_1_247' title='bbox 937 3461 1112 3543; x_wconf 87' lang='lat' dir='ltr'>parricidii,</span> 
     </span>
    </p>

    <p class='ocr_par' dir='ltr' id='par_1_11' title="bbox 57 3564 1114 3665">
     <span class='ocr_line' id='line_1_33' title="bbox 111 3564 1114 3649; baseline -0.001 -18.051"><span class='ocrx_word' id='word_1_248' title='bbox 111 3565 201 3649; x_wconf 71' lang='lat' dir='ltr'>quod</span> <span class='ocrx_word' id='word_1_249' title='bbox 222 3564 305 3631; x_wconf 87' lang='lat' dir='ltr'>mihi</span> <span class='ocrx_word' id='word_1_250' title='bbox 327 3565 495 3630; x_wconf 90' lang='lat' dir='ltr'>obiectum</span> <span class='ocrx_word' id='word_1_251' title='bbox 519 3575 580 3642; x_wconf 91' lang='lat' dir='ltr'>est,</span> <span class='ocrx_word' id='word_1_252' title='bbox 598 3575 657 3630; x_wconf 88' lang='lat' dir='ltr'>tua</span> <span class='ocrx_word' id='word_1_253' title='bbox 673 3566 761 3630; x_wconf 92' lang='lat' dir='ltr'>salus</span> <span class='ocrx_word' id='word_1_254' title='bbox 778 3566 903 3630; x_wconf 92' lang='lat' dir='ltr'>diluet:</span> <span class='ocrx_word' id='word_1_255' title='bbox 926 3576 1078 3629; x_wconf 90' lang='lat' dir='ltr'>servatus</span> <span class='ocrx_word' id='word_1_256' title='bbox 1094 3586 1114 3630; x_wconf 89' lang='lat' dir='ltr'>a</span> 
     </span>
    </p>
   </div>
   <div class='ocr_carea' id='block_1_3' title="bbox 57 3684 1202 3884">
    <p class='ocr_par' dir='ltr' id='par_1_12' title="bbox 57 3684 1202 3884">
     <span class='ocr_line' id='line_1_34' title="bbox 57 3684 71 3721; baseline 0.143 -2"><span class='ocrx_word' id='word_1_257' title='bbox 57 3684 71 3721; x_wconf 68' lang='lat'>¹..</span> 
     </span>
     <span class='ocr_line' id='line_1_35' title="bbox 57 3724 1202 3816; baseline 0.01 -19"><span class='ocrx_word' id='word_1_258' title='bbox 57 3724 314 3808; x_wconf 51' lang='lat' dir='ltr'>muriam,</span> <span class='ocrx_word' id='word_1_259' title='bbox 324 3761 475 3806; x_wconf 57' lang='lat' dir='ltr'>cmtssered.</span> <span class='ocrx_word' id='word_1_260' title='bbox 512 3777 545 3816; x_wconf 75' lang='grc' dir='ltr'>ις.</span> <span class='ocrx_word' id='word_1_261' title='bbox 562 3763 643 3815; x_wconf 81' lang='lat' dir='ltr'>satius,</span> <span class='ocrx_word' id='word_1_262' title='bbox 654 3762 741 3806; x_wconf 75' lang='lat' dir='ltr'>better.</span> <span class='ocrx_word' id='word_1_263' title='bbox 770 3763 805 3804; x_wconf 74' lang='lat'>18.</span> <span class='ocrx_word' id='word_1_264' title='bbox 819 3755 1023 3812; x_wconf 57' lang='lat' dir='ltr'>pultiumlfflffl·</span> <span class='ocrx_word' id='word_1_265' title='bbox 1046 3762 1083 3790; x_wconf 70' lang='lat'>⁸¹·</span> <span class='ocrx_word' id='word_1_266' title='bbox 1095 3745 1202 3792; x_wconf 54' lang='lat' dir='ltr'>ffi‘m‘</span> 
     </span>
     <span class='ocr_line' id='line_1_36' title="bbox 264 3817 955 3884; baseline 0.012 -22"><span class='ocrx_word' id='word_1_267' title='bbox 264 3817 436 3876; x_wconf 68' lang='lat' dir='ltr'>haddduted,</span> <span class='ocrx_word' id='word_1_268' title='bbox 447 3829 547 3872; x_wconf 57' lang='lat' dir='ltr'>meked.</span> <span class='ocrx_word' id='word_1_269' title='bbox 579 3843 613 3884; x_wconf 80' lang='lat'>³²·</span> <span class='ocrx_word' id='word_1_270' title='bbox 628 3827 712 3881; x_wconf 83' lang='lat' dir='ltr'>diluet,</span> <span class='ocrx_word' id='word_1_271' title='bbox 723 3826 779 3870; x_wconf 77' lang='lat' dir='ltr'>will</span> <span class='ocrx_word' id='word_1_272' title='bbox 788 3822 862 3868; x_wconf 65' lang='lat' dir='ltr'>wath</span> <span class='ocrx_word' id='word_1_273' title='bbox 871 3831 955 3870; x_wconf 66' lang='lat' dir='ltr'>atm-</span> 
     </span>
    </p>
   </div>
   <div class='ocr_carea' id='block_1_4' title="bbox 0 0 1242 4036">
    <p class='ocr_par' dir='ltr' id='par_1_13' title="bbox 0 0 1242 4036">
     <span class='ocr_line' id='line_1_37' title="bbox 0 0 1242 4036; baseline 0 0"><span class='ocrx_word' id='word_1_274' title='bbox 0 0 1242 4036; x_wconf 95' lang='lat' dir='ltr'> </span> 
     </span>
    </p>
   </div>
  </div>
 </body>
</html>
