2476 4036
98 140 139 188 22
243 88 245 92 Ι
468 121 506 204 Q.
534 120 631 190 Curti
650 121 735 206 Rufi

65 321 81 373 3
99 308 274 384 exercitus,
291 328 351 391 par
367 305 603 372 Macedonicae
619 303 777 389 phalangi
796 302 893 369 acies.
942 303 984 368 In
1007 302 1107 369 laevo

99 432 202 476 comu
226 411 460 475 Aristomedes
484 410 667 475 Thessalus
689 427 737 472 xx
760 408 856 472 milia
887 407 1106 472 barbarorum

98 516 248 600 peditum
272 515 425 579 habebat.
475 515 516 578 In
539 513 697 578 subsidiis
727 510 993 595 pugnacissimas
1019 511 1107 576 loca·

64 631 191 686 tvemt
207 629 335 704 gentes.
386 619 500 702 Ipsum
524 638 637 702 regem
654 617 686 680 in
704 618 820 682 eodem
844 637 946 682 cornu
970 617 1107 682 dimica,

99 734 210 790 turum
223 725 286 788 tria
301 723 393 787 milia
408 723 613 787 delectorum
627 723 786 806 equitum,
799 724 939 788 adsueta
954 724 1105 807 corporis
1142 774 1143 783 ,

99 829 258 905 custodia,
277 840 310 894 et
326 828 492 911 pedestris
514 829 612 904 acies,
631 828 850 912 quadraginta
871 829 970 905 milia,
988 849 1107 913 seque-

66 936 244 1000 Sbantur:
275 934 427 1020 Hyrcani
449 933 571 1014 deinde
595 935 752 1018 Medique
775 935 926 1018 equites:
956 934 1008 998 his
1032 955 1107 1017 pro·

99 1038 179 1102 ximi
201 1048 387 1103 ceterarum
413 1038 574 1121 gentium,
600 1039 686 1103 ultra
716 1059 774 1103 eos
804 1040 920 1104 dextra
943 1038 1106 1122 laevaque

100 1141 260 1225 dispositi.
309 1143 385 1205 Hoc
408 1162 538 1225 agmen,
556 1143 642 1207 sicut
666 1144 791 1208 dictum
815 1154 876 1219 est,
901 1143 1106 1207 instructum

101 1265 137 1310 vr
164 1245 254 1309 milia
283 1245 499 1310 iaculatorum
537 1247 811 1331 funditorumque
848 1248 1102 1311 antecedebant.
1126 1241 1143 1312 ἰ

68 1348 273 1432 ⁶Quidquid
296 1349 331 1412 in
355 1350 420 1414 illis
444 1351 608 1433 angustiis
631 1352 713 1415 adiri
736 1360 875 1435 poterat,
895 1350 1106 1433 inpleverant

101 1453 225 1535 copiae,
244 1473 434 1537 cornuaque
452 1454 589 1519 hincab
605 1455 692 1538 iug0,
711 1455 800 1519 illinc
816 1476 836 1519 a
851 1454 934 1518 mari
956 1454 1103 1518 stabant.

103 1558 250 1623 Uxorem
263 1567 468 1640 matremque
481 1558 570 1641 regis
586 1569 620 1622 et
636 1559 736 1623 alium
753 1558 950 1623 feminarum
966 1577 1104 1640 gregem

101 1662 135 1726 in
152 1661 298 1725 medium
313 1682 434 1744 agmen
449 1673 655 1744 acceperant.

70 1774 85 1828 7
146 1765 339 1828 Alexander
361 1765 571 1848 phalangem,
596 1787 660 1849 qua
683 1765 765 1829 nihil
788 1766 875 1849 apud
899 1766 1102 1828 Macedonas
1117 1772 1143 1833 24

101 1869 242 1933 validius
270 1878 350 1945 erat,
375 1868 409 1932 in
435 1869 547 1932 fronte
574 1869 757 1934 constituit.
805 1869 971 1932 Dextrum
998 1888 1103 1932 cornu
1130 1891 1142 1931 1

104 1973 261 2048 Nicanor,
287 1973 514 2043 Parmenionis
537 1973 635 2048 filius,
660 1975 836 2036 tuebatur:
863 1971 940 2035 huic
963 1971 1104 2054 proximi

104 2079 238 2142 stabant
256 2076 389 2141 Coenos
406 2086 439 2138 et
458 2076 630 2141 Perdiccas
644 2086 678 2140 et
696 2077 866 2159 Meleager
877 2087 909 2139 et
924 2076 1105 2139 Ptolemae-

70 2185 86 2236 8
104 2202 143 2245 us
159 2191 193 2245 et
210 2180 387 2265 Amyntas,
401 2180 452 2243 sui
468 2180 608 2263 quisque
624 2180 766 2262 agminis
780 2183 890 2244 duces.
942 2180 981 2243 In
998 2179 1102 2255 laeve,

103 2286 191 2368 quod
208 2286 249 2348 ad
266 2303 356 2347 mare
371 2284 569 2366 pertinebat,
585 2284 744 2348 Craterus
760 2294 794 2347 et
812 2282 985 2348 Parmenio
997 2291 1102 2358 erant,
1129 2299 1143 2338 a

104 2390 163 2453 sed
180 2388 339 2453 Craterus
359 2387 569 2450 Parmenioni
591 2408 707 2470 parere
730 2388 848 2451 iussus.
898 2386 1038 2469 Equites
1060 2387 1104 2450 ab

104 2503 245 2575 utroque
261 2513 364 2556 comu
386 2491 506 2554 locati:
529 2493 681 2555 dextrum
706 2493 909 2554 Macedones
932 2489 1103 2555 Thessalis

70 2595 260 2672 9adiuncti,
303 2595 433 2658 laevum
480 2595 713 2676 Peloponnesii
756 2597 946 2659 tuebantur.
1008 2593 1104 2658 Ante

104 2701 190 2764 hanc
214 2699 320 2764 aciem
345 2708 503 2782 posuerat
526 2698 734 2762 funditorum
759 2720 895 2762 manum
922 2697 1104 2781 sagittariis

103 2803 267 2868 admixtis.
314 2803 463 2867 Thraces
479 2823 611 2886 quoque
627 2813 660 2867 et
678 2803 858 2867 Cretenses
881 2812 960 2867 ante
982 2821 1103 2883 agmen
1130 2821 1143 2859 2

57 2934 88 2971 ro
104 2908 206 2983 ibant,
224 2917 258 2971 et
274 2906 335 2988 ipsi
352 2906 471 2970 leviter
485 2904 615 2971 armati,
658 2907 708 2970 At
725 2907 775 2982 iis,
792 2906 849 2989 qui
865 2904 1039 2988 praemissi
1061 2905 1104 2968 ab

105 3013 216 3075 Dareo
228 3011 342 3093 iugum
355 3009 479 3073 montis
493 3010 692 3086 insederant,
707 3002 875 3092 Agrianos
892 3007 1047 3092 opposuit
1063 3027 1105 3071 ex

104 3115 245 3179 Thracia
258 3134 365 3196 nuper
375 3114 541 3178 advectos.
582 3113 790 3179 Parmenioni
806 3124 917 3178 autem
931 3131 1105 3196 praecepe-

104 3228 164 3294 rat,
182 3227 228 3295 ut,
246 3227 409 3301 quantum
433 3227 555 3301 posset,
576 3238 696 3300 agmen
719 3219 761 3282 ad
784 3238 874 3282 mare
897 3218 1101 3293 extenderet,

104 3344 168 3405 quo
192 3321 324 3404 longius
347 3322 480 3385 abesset
503 3321 592 3385 acies
616 3321 795 3398 montibus,
820 3343 903 3405 quos
926 3340 1104 3404 occupave-
1129 3328 1143 3381 a'

57 3448 84 3485 rr
104 3436 178 3490 rant
195 3424 333 3489 barbari.
381 3425 430 3487 At
446 3424 492 3487 illi
516 3445 624 3507 neque
648 3425 781 3488 obstare
802 3425 1015 3489 venientibus
1040 3444 1104 3488 nec

105 3529 278 3594 circumire
309 3537 574 3612 praetergressos
607 3528 679 3592 ausi
716 3526 924 3593 funditorum
961 3527 1105 3591 maxime

308 3734 341 3762 ra.
358 3720 388 3765 ab
395 3720 457 3778 iugo,
467 3718 496 3780 by
504 3723 547 3768 the
557 3724 643 3779 nuga·
657 3737 671 3766 a
680 3721 748 3776 mati,
757 3720 786 3778 by
797 3719 837 3766 rte
846 3733 899 3764 sea.
