2476 4036
318 153 546 218 Historiarum
568 155 757 218 Alexandri
775 155 839 233 Ill,
868 173 915 238 13.
1079 175 1119 240 33

115 337 253 422 parabat
284 338 461 421 gratiorem
493 338 583 400 omni
613 338 756 420 pecunia
790 342 956 422 praedam,
990 343 1120 408 nobiles

114 442 215 518 viros,
238 451 428 524 praetorum
452 442 554 505 Darei
578 442 737 525 coniuges
764 442 961 528 liberosque,
988 459 1121 529 praeter

87 625 89 630 A
114 545 178 610 hos
202 545 403 610 Graecarum
427 545 557 609 urbium
579 543 719 629 legatos,
744 568 827 630 quos
862 548 1002 627 Dareus,
1027 556 1118 621 velut

114 650 150 713 in
176 669 252 713 arce
278 649 456 727 tutissima,
485 649 519 712 in
544 650 722 731 proditoris
750 652 926 735 reliquerat
955 659 1115 736 manibus.

75 777 89 818 o
116 753 295 836 Gaugabas
323 754 442 817 Persae
468 763 589 817 vocant
617 755 763 820 humeris
793 778 894 825 onera
924 774 1118 845 portantes:
1154 787 1168 840 7

114 858 149 922 hi
162 879 238 922 cum
249 858 387 921 hiemem
400 858 541 921 tolerare
550 878 621 922 vnon
634 872 772 943 possent
782 902 827 912 —
837 867 958 949 quippe
975 869 1118 950 procella

114 964 227 1028 subito
248 963 358 1026 nivem
386 963 549 1027 effuderat
577 975 610 1029 et
638 967 759 1034 humus
785 970 913 1054 rigebat
940 972 1017 1055 gelu
1045 984 1116 1037 tum

113 1069 457 1146 adstricta—vestes,
474 1091 557 1152 quas
574 1093 649 1136 cum
667 1076 809 1156 pecunia
832 1078 1020 1158 portabant,
1037 1097 1117 1140 auro

113 1184 148 1238 et
174 1194 319 1256 purpura
345 1173 494 1256 insignes
522 1176 664 1240 induunt
697 1179 788 1243 nullo
819 1181 995 1262 prohibere
1025 1201 1114 1257 ausu,

61 1301 88 1342 ro
114 1299 189 1344 cum
212 1278 347 1343 fortuna
370 1280 458 1363 regis
483 1281 583 1344 etiam
608 1282 801 1347 humillimis
825 1285 859 1347 in
883 1284 991 1366 ipsum
1018 1284 1118 1349 licen·

113 1383 194 1448 tiam
209 1382 344 1448 laceret.
393 1386 577 1450 Praebuere
602 1407 683 1470 ergo
708 1388 917 1451 Parmenioni
939 1408 1006 1451 non
1031 1410 1119 1472 sper·
1150 1404 1167 1455 8

113 1488 215 1552 nendi
244 1489 388 1571 agminis
416 1491 570 1573 speciem.
621 1491 688 1574 Qui
721 1491 900 1555 intentiore
931 1513 1009 1556 cura
1039 1513 1117 1556 suos

113 1593 208 1676 quasi
233 1595 276 1658 ad
302 1594 426 1658 iustum
459 1594 620 1677 proelium
653 1595 767 1678 paucis
798 1597 993 1660 adhortatus
1024 1598 1117 1680 equis

114 1697 252 1763 calcaria
264 1698 355 1763 iubet
373 1700 515 1763 subdere
533 1708 567 1762 et
583 1700 651 1763 acri
668 1700 795 1782 impetu
812 1699 846 1762 in
863 1701 993 1763 hostem
1011 1701 1114 1764 evehi.

60 1822 88 1864 ιε
114 1802 163 1866 At
187 1803 243 1879 illi,
260 1804 335 1887 quis
359 1804 421 1867 sub
445 1803 602 1867 oneribus
627 1814 721 1868 erant
746 1804 888 1881 omissis,
908 1824 967 1887 per
990 1814 1116 1868 metum
1149 1826 1166 1876 9

113 1917 293 1990 capessunt
315 1906 450 1990 lugam:
474 1907 592 1971 armati
616 1929 756 1992 quoque,
782 1909 838 1992 qui
862 1929 919 1972 eos
943 1928 1118 1992 proseque-

113 2011 244 2088 bantur,
262 2013 378 2075 eodem
394 2021 487 2076 metu
504 2033 596 2076 arma
612 2012 735 2077 iactare
759 2033 797 2078 ac
821 2021 900 2076 nota
916 2013 1118 2078 deverticula

113 2125 228 2198 petere
250 2128 443 2199 coeperunt.
493 2117 694 2193 Praefectus,
721 2115 815 2199 quasi
839 2126 873 2180 et
896 2117 967 2199 ipse
991 2127 1118 2181 conter·
1136 2147 1166 2183 ιο

114 2219 207 2297 ritus,
225 2220 385 2285 simulans
402 2231 524 2286 cuncta
540 2241 662 2302 pavore
687 2204 907 2303 conpleverat.
957 2220 1117 2286 Iacebant

61 2346 89 2388 ao
114 2324 194 2388 totis
207 2325 333 2408 campis
346 2345 427 2408 opes
441 2325 559 2408 regiae,
575 2324 630 2389 illa
647 2325 788 2406 pecunia
806 2324 971 2407 stipendio
988 2324 1117 2408 ingenti

114 2429 256 2494 militum
273 2439 477 2513 praeparata,
495 2428 551 2492 ille
570 2429 680 2493 cultus
704 2437 754 2492 tot
778 2429 939 2492 nobilium
961 2429 1115 2505 virorum,

113 2541 164 2597 tot
187 2533 373 2623 illustrium·
387 2533 599 2608 feminarum,
616 2552 717 2597 aurea
732 2553 819 2608 vasa,
833 2532 922 2596 aurei
939 2532 1034 2608 freni,
1048 2534 1117 2597 tab·
1135 2563 1162 2600 11

114 2639 269 2703 emacula
288 2638 389 2721 regali
413 2637 663 2720 magnificentia
679 2645 804 2712 ornata,
822 2636 973 2700 vehicula
986 2656 1116 2719 quoque

113 2727 213 2805 asuis
226 2742 395 2816 destituta,
410 2741 557 2824 ingentis
570 2740 761 2823 opulentiae
774 2741 882 2822 plena,
896 2739 999 2803 facies
1015 2741 1116 2804 etiam

63 2867 90 2907 n
114 2846 351 2928 praedantibus
374 2846 490 2921 tristis,
509 2845 537 2909 si
561 2865 626 2928 qua
641 2856 701 2907 res
725 2843 896 2907 avaritiam
921 2854 1113 2909 moraretur.

115 2949 249 3033 Quippe
271 2959 322 3014 tot
346 2971 508 3013 annorum
536 2948 720 3013 incredibili
744 2958 778 3011 et
801 2948 902 3010 fidem
933 2948 1117 3012 excedente

113 3052 248 3117 fortuna
279 3053 446 3117 cumulata
475 3063 557 3117 tunc
588 3052 652 3115 alia
683 3051 841 3134 stirpibus
873 3050 1024 3128 lacerata,
1053 3053 1117 3116 alia

114 3157 148 3221 in
179 3178 318 3222 caenum
350 3158 502 3222 demersa
533 3157 775 3220 cernebantur:
806 3175 874 3218 non
906 3155 1115 3219 sufficiebant

63 3271 100 3333 35
113 3262 344 3343 praedantium
361 3281 479 3324 manus
498 3262 648 3343 praedae.
697 3260 833 3341 Iamque
858 3259 959 3322 etiam
983 3260 1024 3322 ad
1048 3280 1114 3335 eos,
1134 3286 1164 3324 12

63 3388 89 3428 ao
114 3365 170 3448 qui
186 3364 283 3448 primi
298 3365 464 3447 fugerant,
478 3352 615 3427 ventum
633 3372 711 3427 erat.
762 3363 922 3426 Feminae
938 3363 1116 3446 pleraeque

113 3489 232 3553 parvos
249 3469 420 3532 trahentes
436 3467 558 3532 liberos
575 3468 688 3531 ibant:
712 3467 801 3530 inter
823 3488 905 3550 quas
929 3476 998 3530 tres
1021 3467 1116 3530 fuere

112 3572 265 3654 virgines,
293 3572 390 3651 Ochi,
416 3572 577 3658 quiante
605 3572 763 3638 Dareum
788 3580 1005 3654 regnauerat,
1020 3570 1128 3638 idme,

83 3771 114 3807 ¹³·
128 3760 354 3812 unumunurm.
408 3787 443 3826 ις.
459 3773 513 3829 quis
523 3774 568 3820 sub
576 3767 839 3820 oneribus=onerbuus
847 3761 891 3805 sub
900 3755 996 3810 quum.
1075 3749 1153 3834 ,εἴ
1167 3749 1182 3772 x
1215 3786 1221 3812 Ὗ

29 3816 294 3934 ffaegzffd‘
304 3838 334 3887 ἴθι
346 3849 417 3893 ways
428 3840 461 3896 os
465 3846 562 3898 escape.
590 3856 630 3898 η.
645 3829 958 3894 smdbmlmnudor*
965 3828 997 3859 ⁰*
1005 3808 1082 3855 “¹³³³“

50 3903 57 3916 ⁰
169 3915 178 3938 a
254 3922 261 3937 ι
