2460 4020
356 170 585 234 Historiamm
608 169 795 233 Alexandri
814 169 880 245 III,
906 186 934 232 2.
1129 183 1144 249 5

141 375 227 418 rum.
276 354 340 417 His
365 353 468 436 copiis
491 354 631 436 triginta
653 352 743 415 milia
769 353 970 416 Graecorum
994 354 1146 416 mercede
1181 385 1196 433 9

142 459 310 522 conducta
344 458 499 540 egregiae
532 457 715 520 iuventutis
753 457 889 521 adiecta
945 458 1032 520 Nam
1068 458 1148 522 Bac-

142 563 270 626 trianos
287 571 321 625 et
339 562 525 645 Sogdianos
542 575 575 627 et
600 564 701 626 Indos
718 571 913 644 ceterosque
933 563 1023 625 rubri
1046 562 1146 625 maris

143 667 284 745 accolas,
301 667 417 750 ignota
439 668 539 731 etiarn
562 668 625 749 ipsi
646 668 795 749 gentium
814 667 957 743 nomina,
975 666 1146 730 festinatio

103 787 116 826 ὁ
143 771 343 853 prohibebat
369 771 477 835 acciri.
526 772 598 834 Nec
621 771 797 854 quicquam
828 771 875 833 illi
905 772 1016 834 minus
1047 792 1145 854 quam
1166 796 1196 831 10

100 883 117 942 5
145 875 325 938 multitudo
348 874 490 937 militum
514 875 628 938 defuit.
685 875 789 938 Cuius
809 885 881 938 tum
905 875 1079 938 universae
1097 895 1147 939 as·

143 989 244 1061 pectu
260 979 438 1042 admodum
454 978 561 1041 laetus
574 978 762 1060 purpuratis
780 979 877 1042 solita
887 979 1035 1042 vanitate
1052 1000 1145 1060 spem

144 1081 216 1145 eius
240 1081 443 1157 inflantibus,
469 1102 650 1145 conversus
677 1082 719 1144 ad
744 1082 981 1145 Charidemum
1004 1082 1147 1145 Atheni-

144 1206 260 1248 ensem
272 1185 350 1249 belli
365 1186 509 1267 peritum
522 1194 555 1248 et
572 1186 615 1248 ob
631 1185 764 1248 exilium
780 1185 940 1248 infestum
954 1185 1145 1250 Alexandro

94 1313 119 1352 ιο
144 1289 318 1372 —quippe
336 1289 483 1352 Athenis
506 1289 642 1353 iubente
666 1310 704 1352 eo
726 1289 834 1352 fuerat
857 1290 1147 1372 expulsus-per-

145 1393 273 1457 contari
312 1377 444 1475 coepit(
464 1394 591 1456 satisne
622 1393 651 1455 ei
682 1393 851 1456 videretur
888 1394 1073 1458 instructus
1104 1397 1145 1457 ad

145 1497 366 1560 obterendum
382 1498 524 1561 hostem.
572 1497 620 1559 At
640 1497 704 1572 ille,
723 1506 756 1560 et
774 1518 852 1560 suae
869 1498 967 1561 sortis
983 1507 1017 1561 et
1034 1499 1144 1581 regiae
1166 1523 1192 1558 ιι

145 1601 320 1683 superbiae
343 1601 485 1665 oblitus:
512 1600 699 1676 “Verum''
718 1601 835 1683 inquit,
856 1609 919 1663 “et
943 1611 980 1664 tu
1004 1602 1144 1665 forsitan

144 1705 256 1768 audire
272 1705 366 1768 noles
382 1714 416 1767 et
432 1725 503 1787 eg0,
522 1705 586 1768 nisi
604 1726 692 1768 nunc
708 1705 829 1780 dixer0,
847 1706 928 1768 alias
944 1706 1143 1788 nequiquam

94 1833 120 1873 15
146 1808 337 1873 confitebor.
386 1809 564 1872 Hic‘tanti
589 1820 766 1890 apparatus
791 1809 964 1885 exercitus,
989 1811 1071 1874 haec
1094 1820 1144 1873 tot
1166 1837 1196 1874 η

144 1913 296 1995 gentium
313 1922 346 1975 et
365 1913 469 1976 totius
486 1913 636 1976 Orientis
660 1913 769 1975 excita
792 1913 925 1976 sedibus
950 1914 1019 1976 suis
1041 1915 1144 1978 moles

145 2016 295 2080 finitimis
312 2026 423 2099 potest
437 2037 512 2080 esse
525 2017 700 2080 terribilis:
723 2017 809 2079 nitet
828 2038 973 2099 purpura
989 2039 1143 2102 auroque,

144 2121 252 2203 fulget
275 2121 375 2184 armis
398 2130 432 2184 et
463 2121 641 2202 opulentia,
666 2131 833 2203 quantam,
858 2122 914 2204 qui
945 2123 1049 2186 oculis
1078 2145 1145 2186 non

145 2225 326 2300 subiecere,
344 2225 463 2288 animis
481 2225 655 2306 concipere
672 2246 738 2287 non
755 2235 905 2306 possunt.
954 2226 1021 2289 Sed
1038 2229 1146 2290 Mace·
1166 2249 1196 2298 13

93 2355 119 2394 n
144 2331 269 2392 donum
292 2328 390 2404 acies,
408 2338 502 2391 torva
525 2349 605 2392 sane
628 2338 662 2391 et
686 2328 819 2404 inculta,
838 2329 953 2410 clipeis
974 2330 1145 2415 hastisque

144 2432 331 2496 immobiles
362 2453 486 2496 cuneos
510 2442 544 2495 et
569 2433 720 2496 conferta
743 2433 861 2495 robora
882 2434 1025 2496 virorum
1049 2437 1143 2518 tegit.

146 2537 216 2619 Ipsi
239 2536 437 2619 phalangem
461 2545 591 2613 vocant,
616 2537 765 2619 peditum
791 2537 909 2600 stabile
932 2558 1073 2620 agmen:
1096 2540 1147 2602 vir

144 2641 225 2716 vir0,
243 2641 342 2704 armis
365 2661 458 2704 arma
479 2652 632 2704 conserta
653 2650 751 2704 sunt:
775 2642 815 2704 ad
837 2651 955 2704 nutum
977 2644 1145 2706 monentis

145 2744 267 2808 intenti
280 2745 374 2827 sequi
390 2745 495 2827 signa,
508 2744 641 2808 ordines
658 2765 788 2807 servare
801 2745 996 2810 didicerunt.
1046 2747 1144 2829 Quod
1166 2775 1196 2823 14

93 2874 119 2912 25
145 2849 334 2930 imperatur,
367 2869 483 2911 omnes
519 2850 718 2912 exaudiunt:
757 2849 927 2924 obsistere,
961 2851 1144 2928 circumire,

145 2952 330 3015 discurrere
346 2953 378 3014 in
397 2973 509 3028 cornu,
527 2963 656 3015 mutare
672 2974 818 3035 pugnam
838 2973 904 3015 non
921 2955 1022 3017 duces
1039 2957 1144 3038 magis

145 3076 244 3138 quam
267 3055 390 3118 milites
415 3056 544 3119 callent.
593 3056 646 3119 Ac
670 3077 713 3119 ne
733 3056 803 3119 auri
824 3057 1019 3139 argentique
1035 3061 1145 3123 studio
1167 3087 1194 3140 ¹5

144 3159 253 3222 teneri
268 3169 375 3242 putes,
390 3161 497 3223 adhuc
513 3159 569 3222 illa
585 3159 759 3241 disciplina
775 3171 971 3242 paupertate
988 3165 1146 3246 magistra

145 3263 260 3327 stetit:
283 3263 433 3346 fatigatis
457 3265 577 3327 humus
602 3264 710 3328 cubile
734 3274 794 3340 est,
813 3264 916 3341 cibus,
935 3287 1033 3348 quem
1053 3289 1147 3332 occu-

93 3395 119 3434 ευ
145 3377 275 3449 parunt,
300 3368 409 3442 satiat,
434 3376 585 3449 tempora
615 3368 723 3431 somni
752 3368 883 3444 artiora,
906 3391 1005 3453 quam
1036 3373 1145 3435 noctis

146 3479 233 3535 sunt.
281 3472 350 3534 Iam
368 3471 523 3535 Thessali
545 3473 674 3555 equites
691 3482 724 3535 et
741 3472 938 3536 Acarnanes
954 3474 1143 3558 Aetolique,
1167 3490 1196 3540 16

146 3575 269 3639 invicta
298 3575 386 3639 bello
417 3596 545 3652 manus,
573 3577 695 3653 fundis,
725 3578 833 3652 credo,
864 3586 898 3640 et
930 3578 1036 3640 hastis
1068 3579 1148 3656 igne

123 3777 143 3816 5.
159 3766 232 3819 acciri,
242 3769 426 3818 besummned.
461 3791 483 3831 7.
499 3777 643 3832 purpuratis,
651 3777 774 3820 courum
787 3764 965 3823 Khmlffi‘ss‘l·
997 3772 1013 3796 ἵ
1028 3753 1107 3794 *m*
1124 3763 1141 3786 α
1161 3759 1177 3781 ²

72 3829 283 3885 libabereqstaer,
355 3854 392 3886 20.
414 3851 491 3898 tom,
504 3845 580 3900 wila,
592 3859 697 3898 mage·
768 3853 808 3892 ²7·
825 3807 1229 3878 mhheuu,understond⁸ouuu=w

10 3892 18 3899 ’
65 3902 98 3940 ³²·
108 3888 197 3965 litandis,
208 3898 296 3952 slines-

1194 3995 1229 4006 A
