2476 4036
327 172 556 237 Historiarum
579 172 767 237 Alexandri
786 172 849 248 IV,
878 173 924 236 16.
1082 189 1124 254 93

124 356 342 439 perterritos?
388 356 555 420 Nimirum
593 357 690 421 nobis
729 377 861 440 quoque
899 356 988 438 regis
1018 355 1125 419 nostri

123 460 259 553 fortuna
280 461 369 525 vicit.
417 461 540 525 Omnia
563 462 737 524 Persarum
769 462 869 525 caede
900 470 1005 524 strata
1035 470 1122 523 sunt.

126 564 216 646 Quid
225 565 387 628 cessatis?
403 586 444 627 an
461 585 504 628 ne
519 565 728 647 fugientibus
739 565 872 646 quidem
882 584 979 645 pares
991 563 1072 626 estis
1085 562 1123 626 ?”

123 667 214 732 Vera
243 668 353 732 dicere
383 669 560 732 videbatur
590 678 623 731 et
654 688 731 749 spes
761 668 959 749 languentes
989 687 1123 749 quoque
1159 679 1175 728 6

84 790 98 829 o
125 780 282 836 erexerat.
332 772 482 836 Subditis
514 771 698 836 calcaribus
729 792 885 853 proruere
915 770 950 834 in
973 771 1125 834 hostem:

124 886 158 938 et
174 876 221 939 illi
244 875 309 939 iam
333 896 401 938 non
424 876 558 952 sensim,
576 877 635 939 sed
659 875 760 938 citato
790 876 894 958 gradu
924 876 1124 939 recedebant

124 999 187 1044 nec
197 979 373 1062 quicquam
383 980 491 1062 fugae,
502 979 567 1042 nisi
577 981 665 1062 quod
675 980 821 1042 nondum
835 989 931 1061 terga
941 987 1121 1053 verterant,

123 1085 245 1148 deerat.
302 1083 474 1147 Parmenio
490 1083 763 1166 tamenignarus,
777 1102 940 1165 quaenam
956 1082 990 1144 in
1006 1083 1124 1145 dextro

124 1208 228 1251 cornu
251 1188 386 1251 fortuna
410 1187 498 1270 regis
521 1196 620 1262 esset,
647 1187 806 1268 repressit
834 1207 932 1253 suos:
966 1187 1123 1249 Mazaeus
1157 1199 1174 1252 7

71 1311 98 1352 10
123 1292 202 1355 dato
217 1291 318 1374 fugae
341 1291 448 1372 spatio
464 1311 531 1354 non
554 1300 646 1354 recto
662 1291 791 1365 itinere,
810 1290 868 1352 sed
892 1289 1015 1352 maiore
1031 1299 1065 1352 et
1081 1291 1124 1352 ob

123 1395 157 1457 id
173 1395 296 1458 tutiore
317 1394 456 1458 circuitu
471 1395 589 1477 Tigrin
605 1402 740 1475 superat
756 1403 790 1457 et
814 1393 1030 1478 Babyloniam
1048 1415 1123 1457 cum

124 1498 270 1581 reliquiis
285 1498 407 1562 devicti
423 1498 588 1562 exercitus
605 1499 715 1562 intrat.

73 1611 109 1672 61
169 1602 298 1665 Dareus
320 1602 434 1683 paucis
455 1602 556 1684 fugae
577 1602 754 1685 comitibus
773 1602 814 1664 ad
842 1602 968 1687 Lycum
991 1621 1123 1665 amnem
1159 1615 1175 1664 8

124 1706 362 1769 contenderat:
384 1727 449 1789 quo
466 1706 605 1769 traiecto
627 1706 802 1781 dubitavit,
819 1726 861 1768 an
879 1705 1023 1768 solveret
1046 1726 1125 1787 pon-

73 1826 99 1867 1⁶
125 1819 203 1885 tem,
218 1809 340 1891 quippe
356 1801 487 1872 hostem
503 1809 568 1872 iam
584 1807 697 1872 adfore
714 1809 939 1873 nuntiabatur.
988 1809 1055 1873 Sed
1073 1818 1123 1871 tot
1172 1812 1175 1824 ’

124 1913 215 1976 milia
237 1933 380 1988 suorum,
398 1934 482 1996 quae
505 1914 652 1976 nondum
673 1914 715 1976 ad
736 1933 868 1976 amnem
893 1923 1122 1994 pervenerant,

125 2026 228 2098 ponte
243 2017 386 2080 rescisso
402 2017 535 2081 videbat
552 2017 659 2080 hostis
682 2017 837 2098 praedam
860 2016 940 2080 iore.
988 2016 1125 2080 Abeun-
1158 2034 1175 2085 9

125 2128 202 2196 tem,
227 2140 303 2184 cum
325 2120 487 2184 intactum
513 2121 636 2183 sineret
660 2130 807 2202 pontem,
833 2120 957 2184 dixisse
982 2130 1122 2196 constat,

124 2224 223 2287 malle
238 2244 275 2287 se
291 2225 508 2306 sequentibus
532 2224 595 2286 iter
617 2224 705 2299 dare,
723 2244 820 2305 quam
845 2223 975 2287 auferre
997 2224 1126 2306 fugien-

73 2348 99 2387 πο
125 2327 222 2391 tibus.
271 2327 349 2409 Ipse
366 2328 484 2410 ingens
502 2327 645 2409 spatium
661 2327 743 2410 fuga
758 2347 915 2391 emensus
930 2328 1040 2391 media
1054 2327 1124 2390 fere

124 2441 224 2495 nocte
240 2430 367 2495 Arbela
383 2432 541 2514 pervenit.

169 2535 254 2618 Quis
278 2545 329 2598 tot
352 2534 494 2598 ludibria
516 2535 679 2611 fortunae,
703 2536 836 2612 ducum,
860 2536 1031 2618 agminum
1055 2557 1176 2600 cae-10

124 2639 199 2702 dem
217 2639 444 2721 multiplicem,
463 2640 669 2703 devictorum
684 2639 808 2721 fugam,
827 2640 938 2704 clades
954 2661 1044 2704 nunc
1060 2640 1125 2703 sin-

124 2743 285 2826 gulorum,
303 2764 392 2806 nunc
410 2743 639 2806 universorum
654 2729 711 2806 aut
729 2743 841 2806 animo
863 2743 1001 2826 adsequi
1024 2754 1124 2826 queat

72 2867 97 2907 u
123 2855 180 2910 aut
196 2847 346 2910 oratione
367 2846 555 2928 conplecti?
601 2847 842 2928 Propemodum
866 2847 990 2912 saeculi
1013 2868 1065 2911 res
1089 2848 1123 2911 in

123 2971 226 3014 unum
250 2950 342 3013 illum
365 2951 461 3026 diem,
480 2970 548 3032 pr0,
572 2950 707 3013 fortuna
730 2950 918 3014 cumulavit.
964 2950 1035 3012 Alii
1059 2972 1125 3033 qua
1144 2974 1172 3011 ιι

122 3054 355 3118 brevissimum
371 3056 506 3136 patebat
522 3054 594 3130 iter,
612 3053 667 3117 alii
682 3054 796 3118 devios
819 3054 925 3118 saltus
941 3063 975 3118 et
991 3055 1125 3136 ignotas

123 3157 339 3241 sequentibus
352 3157 452 3221 calles
468 3159 637 3240 petebant.
679 3159 792 3241 Eques
808 3159 976 3241 pedesque
992 3158 1123 3222 confusi

122 3261 195 3325 sine
221 3261 316 3336 duce,
340 3261 476 3324 armatis
499 3261 653 3337 inermes,
678 3261 818 3344 integris
841 3263 969 3326 debiles
990 3261 1124 3344 inplica-

70 3387 96 3427 so
121 3365 250 3428 bantur.
305 3364 440 3428 Deinde
466 3365 692 3429 misericordia
718 3365 753 3428 in
780 3375 907 3429 metum
933 3386 1039 3441 versa,
1067 3366 1122 3448 qui
1143 3392 1174 3430 12

123 3469 217 3550 sequi
233 3489 301 3531 non
317 3476 481 3552 poterant,
499 3468 588 3532 inter
603 3478 737 3532 mutuos
760 3469 906 3551 gemitus
928 3470 1124 3533 desereban-

121 3581 184 3636 tur.
233 3572 316 3636 Sitis
340 3572 517 3654 praecipue
539 3572 699 3656 fatigatos
723 3581 757 3636 et
780 3572 912 3637 saucios
933 3574 1120 3654 perurebat,

60 3775 79 3804 τ.
93 3760 402 3814 nimirumwe'thouidrubt.
439 3780 461 3822 5.
475 3767 704 3822 mmmmm.
743 3750 1063 3818 obpxosswm'xwvssl‘l
1102 3739 1206 3782 ³³³³&

602 3839 690 3894 peiles.
