2476 4036
121 201 161 268 72
194 164 200 176 '
490 182 527 262 Q.
555 180 650 247 Curti
670 181 754 265 Rufi

120 372 236 453 ipsam,
268 369 327 434 sed
357 378 395 433 ut
426 367 528 432 Darei
559 376 699 430 matrem
730 366 867 442 videret,
901 365 1126 451 eximiamque

120 475 401 557 pulchritudinem
424 474 550 536 formae
581 472 653 535 eius
685 491 751 534 non
783 469 928 534 libidinis
962 471 1126 536 habuerat

121 579 387 654 invitamentum,
406 578 464 641 sed
484 576 616 660 gloriae.

72 714 102 768 25
166 684 196 746 E
223 682 434 764 spadonibus,
462 681 519 763 qui
544 680 631 744 circa
658 679 805 761 reginam
834 690 939 756 erant,
968 681 1128 766 Tyriotes
1142 690 1177 750 42

121 787 209 850 inter
225 785 479 867 trepidationem
504 783 690 867 lugentium
717 784 848 865 elapsus
874 805 933 866 per
957 807 1030 849 eam
1054 809 1128 870 por·
1167 814 1179 851 a

121 900 200 966 tam,
218 910 311 973 quae,
328 889 404 972 quia
418 890 461 952 ab
484 888 581 951 hoste
596 908 711 951 aversa
733 899 813 964 erat,
832 889 938 953 levius
962 892 1129 955 custodie-

121 994 228 1069 batur,
242 994 282 1056 ad
300 993 400 1056 Darei
417 1002 525 1057 castra
537 993 688 1074 pervenit
702 1002 928 1077 exceptusque
939 1015 958 1057 a
968 994 1128 1078 vigilibus
1142 1056 1151 1071 ,

122 1098 157 1160 in
182 1098 433 1161 tabernaculum
460 1097 548 1179 regis
575 1097 777 1178 perducitur,
804 1117 942 1179 gemens
970 1108 1003 1162 et
1030 1109 1128 1162 veste

74 1225 107 1275 26
122 1202 274 1266 lacerata.
331 1201 441 1284 Quem
479 1212 516 1264 ut
555 1201 727 1282 conspexit
768 1202 908 1278 Dareus,
949 1196 1142 1285 multiplici

123 1305 244 1369 doloris
271 1306 501 1387 expectatione
529 1315 717 1368 commotus
745 1314 788 1382 et,
807 1305 885 1389 quid
914 1305 1126 1387 potissimum
1155 1334 1180 1374 1u

123 1410 265 1483 timeret,
280 1408 435 1484 incertus,
455 1407 635 1483 “Vultus'’
654 1409 770 1492 inquit,
787 1416 890 1472 “tuus
908 1410 1128 1493 nescioquod

124 1513 244 1595 ingens
252 1513 374 1576 malum
383 1512 537 1594 praefert,
548 1514 606 1575 sed
617 1532 696 1576 cave
707 1512 819 1575 miseri
833 1512 977 1576 hominis
990 1514 1128 1577 auribus

124 1637 257 1698 parcas:
273 1616 371 1680 didici
382 1636 456 1679 esse
467 1614 589 1690 infelix,
601 1625 634 1679 et
646 1635 746 1698 saepe
757 1616 955 1679 calamitatis
966 1615 1127 1681 solacium

76 1741 108 1794 27
125 1731 177 1785 est
193 1741 293 1784 nosse
309 1730 432 1784 sortem
450 1740 551 1784 suam.
600 1719 702 1795 Num,
716 1720 804 1802 quod
822 1720 965 1784 maxime
977 1721 1129 1803 suspicor

124 1835 159 1889 et
176 1825 283 1907 eloqui
299 1824 410 1899 time0,
427 1823 568 1886 ludibria
584 1842 733 1887 meorum
751 1824 964 1887 nuntiaturus
982 1845 1027 1901 es,
1045 1825 1128 1888 mihi
1155 1855 1180 1896 η

125 1937 169 2004 et,
186 1938 222 1992 ut
240 1929 347 2004 cred0,
365 1927 445 2009 ipsis
467 1947 598 2010 quoque
621 1927 712 1990 omni
735 1926 883 1991 tristiora
908 1927 1069 2010 supplicio
1083 1929 1095 1992 Β
1109 1927 1127 1952 ”

77 2045 109 2097 28
125 2032 181 2095 Ad
213 2033 295 2096 haec
333 2031 497 2116 Tyriotes,
533 2032 658 2095 “lstud
688 2031 821 2114 quidem
853 2032 967 2113 procul
999 2030 1126 2108 abest,’'

125 2136 252 2218 inquit:
278 2143 598 2218 “quantuscumque
622 2136 709 2198 enim
734 2134 858 2217 reginis
883 2135 989 2199 honos
1006 2137 1048 2199 ab
1065 2135 1127 2212 his,

126 2239 182 2322 qui
203 2249 330 2322 parent,
349 2239 462 2302 haberi
483 2249 605 2320 potest,
623 2239 690 2302 tuis
706 2260 726 2303 a
741 2239 872 2303 victore·
890 2249 1040 2303 servatus
1064 2249 1127 2316 est,

77 2368 110 2419 29
127 2345 186 2407 sed
202 2364 283 2407 uxor
297 2354 356 2407 tua
378 2342 476 2424 paulo
492 2352 570 2407 ante
593 2343 735 2406 excessit
753 2363 772 2406 e
787 2328 888 2406 vita.’'
935 2345 1032 2407 Tunc
1048 2363 1129 2406 vero
1155 2375 1181 2416 ω

126 2468 194 2511 non
217 2447 363 2529 gemitus
390 2447 497 2523 modu,
516 2447 574 2510 sed
600 2447 700 2510 etiam
730 2446 872 2509 eiulatus
900 2446 981 2510 totis
1009 2447 1129 2512 castris

126 2551 395 2615 exaudiebantur.
422 2551 496 2614 Nec
512 2551 675 2614 dubitavit
694 2550 834 2625 Dareus,
853 2550 932 2633 quin
950 2550 1130 2615 interiecta

127 2665 225 2730 esset,
233 2654 310 2738 quia
321 2654 493 2737 nequisset
506 2653 739 2718 contumeliam
751 2654 889 2735 perpeti,
901 2653 1129 2737 exclamatque

126 2779 243 2822 amens
266 2759 397 2823 dolore:
423 2758 551 2841 “Quod
581 2778 643 2839 ego
675 2767 806 2820 tantum
839 2757 934 2820 nefas
967 2758 1127 2835 commisi,

126 2863 344 2937 Alexander?
390 2883 488 2945 quem
505 2871 637 2924 tuorum
661 2861 921 2943 propinquorum
947 2861 1073 2938 necavi,
1091 2871 1128 2925 ut
1155 2895 1183 2934 25

127 2969 213 3032 hanc
228 2968 333 3031 vicem
351 2967 498 3029 redderes
513 2965 669 3028 saevitiae
686 2965 805 3028 meae?
852 2964 964 3029 Odisti
980 2986 1042 3041 me,
1060 2986 1129 3028 non

127 3072 260 3155 quidem
291 3078 507 3150 provocatus:
542 3070 600 3132 sed
631 3069 721 3151 finge
752 3069 876 3132 iustum
911 3069 1064 3133 intulisse
1094 3078 1129 3133 te

78 3212 111 3262 30
127 3175 260 3249 bellum,
275 3194 349 3236 cum
365 3173 498 3236 feminis
515 3193 594 3255 ergo
610 3193 708 3256 agere
721 3175 882 3237 debueras
893 3173 932 3236 ?’'
973 3172 1129 3258 Tyriotes

127 3279 301 3341 adfirmare
316 3298 376 3358 per
391 3278 471 3340 deos
488 3277 612 3358 patrios
635 3277 717 3339 nihil
742 3277 776 3340 in
801 3299 873 3341 eam
898 3277 1030 3360 gravius
1054 3296 1130 3339 esse

127 3381 337 3446 consultum:
368 3381 572 3463 ingemuisse
596 3381 696 3444 etiam
720 3381 947 3444 Alexandrum
972 3381 1071 3444 morti
1095 3391 1129 3444 et
1156 3413 1184 3454 ω

76 3523 108 3573 31
128 3507 193 3549 non
211 3485 342 3568 parcius
359 3485 500 3559 flevisse,
518 3505 616 3567 quam
633 3485 704 3566 ipse
726 3484 922 3548 lacrimaret.
969 3485 1024 3549 Ob
1047 3485 1130 3548 haec

106 3586 185 3662 rjosa
198 3588 351 3654 amantis
364 3588 501 3656 animus
517 3587 554 3654 in
571 3586 831 3654 sollicitudinem
842 3587 1131 3670 suspicionemque

69 3706 123 3760 h
