<?xml version="1.0" encoding="UTF-8"?>
<!DOCTYPE html PUBLIC "-//W3C//DTD XHTML 1.0 Transitional//EN"
    "http://www.w3.org/TR/xhtml1/DTD/xhtml1-transitional.dtd">
<html xmlns="http://www.w3.org/1999/xhtml" xml:lang="en" lang="en">
 <head>
  <title>
</title>
<meta http-equiv="Content-Type" content="text/html;charset=utf-8" />
  <meta name='ocr-system' content='tesseract 3.04.00' />
  <meta name='ocr-capabilities' content='ocr_page ocr_carea ocr_par ocr_line ocrx_word'/>
</head>
<body>
  <div class='ocr_page' id='page_1' title='image "./qcurtirufihisto03rufugoog_0111.png"; bbox 0 0 2476 4036; ppageno 0'>
   <div class='ocr_carea' id='block_1_1' title="bbox 103 143 737 232">
    <p class='ocr_par' dir='ltr' id='par_1_1' title="bbox 103 143 737 232">
     <span class='ocr_line' id='line_1_1' title="bbox 103 143 737 232; baseline -0.003 -20"><span class='ocrx_word' id='word_1_1' title='bbox 103 165 145 232; x_wconf 87' lang='lat'>92</span> <span class='ocrx_word' id='word_1_2' title='bbox 472 145 509 225; x_wconf 87' lang='lat' dir='ltr'>Q.</span> <span class='ocrx_word' id='word_1_3' title='bbox 538 143 634 212; x_wconf 79' lang='lat' dir='ltr'>Curti</span> <span class='ocrx_word' id='word_1_4' title='bbox 654 146 737 231; x_wconf 88' lang='lat' dir='ltr'>Rufi</span> 
     </span>
    </p>
   </div>
   <div class='ocr_carea' id='block_1_2' title="bbox 54 329 1159 1247">
    <p class='ocr_par' dir='ltr' id='par_1_2' title="bbox 54 329 1159 830">
     <span class='ocr_line' id='line_1_2' title="bbox 54 329 1109 414; baseline 0.001 -21"><span class='ocrx_word' id='word_1_5' title='bbox 54 332 242 414; x_wconf 85' lang='lat' dir='ltr'>321amque</span> <span class='ocrx_word' id='word_1_6' title='bbox 272 351 338 394; x_wconf 93' lang='lat' dir='ltr'>non</span> <span class='ocrx_word' id='word_1_7' title='bbox 370 350 490 411; x_wconf 85' lang='lat' dir='ltr'>pugna,</span> <span class='ocrx_word' id='word_1_8' title='bbox 515 330 575 393; x_wconf 92' lang='lat' dir='ltr'>sed</span> <span class='ocrx_word' id='word_1_9' title='bbox 605 332 724 394; x_wconf 89' lang='lat' dir='ltr'>caedes</span> <span class='ocrx_word' id='word_1_10' title='bbox 754 337 834 406; x_wconf 91' lang='lat' dir='ltr'>erat,</span> <span class='ocrx_word' id='word_1_11' title='bbox 866 350 943 394; x_wconf 93' lang='lat' dir='ltr'>cum</span> <span class='ocrx_word' id='word_1_12' title='bbox 975 329 1109 395; x_wconf 84' lang='lat' dir='ltr'>Dareus</span> 
     </span>
     <span class='ocr_line' id='line_1_3' title="bbox 104 433 1107 519; baseline -0.001 -20"><span class='ocrx_word' id='word_1_13' title='bbox 104 456 235 519; x_wconf 90' lang='lat' dir='ltr'>quoque</span> <span class='ocrx_word' id='word_1_14' title='bbox 254 455 385 499; x_wconf 91' lang='lat' dir='ltr'>currum</span> <span class='ocrx_word' id='word_1_15' title='bbox 411 454 507 496; x_wconf 93' lang='lat' dir='ltr'>suum</span> <span class='ocrx_word' id='word_1_16' title='bbox 532 433 565 496; x_wconf 93' lang='lat' dir='ltr'>in</span> <span class='ocrx_word' id='word_1_17' title='bbox 589 433 703 516; x_wconf 86' lang='lat' dir='ltr'>fugam</span> <span class='ocrx_word' id='word_1_18' title='bbox 720 433 829 497; x_wconf 88' lang='lat' dir='ltr'>vertit.</span> <span class='ocrx_word' id='word_1_19' title='bbox 878 434 1052 498; x_wconf 83' lang='lat' dir='ltr'>Haerebat</span> <span class='ocrx_word' id='word_1_20' title='bbox 1073 435 1107 498; x_wconf 93' lang='lat' dir='ltr'>in</span> 
     </span>
     <span class='ocr_line' id='line_1_4' title="bbox 104 537 1107 620; baseline 0.001 -19"><span class='ocrx_word' id='word_1_21' title='bbox 104 539 208 620; x_wconf 85' lang='lat' dir='ltr'>tergis</span> <span class='ocrx_word' id='word_1_22' title='bbox 238 537 438 619; x_wconf 78' lang='lat' dir='ltr'>fugientium</span> <span class='ocrx_word' id='word_1_23' title='bbox 465 537 579 612; x_wconf 89' lang='lat' dir='ltr'>victor,</span> <span class='ocrx_word' id='word_1_24' title='bbox 609 538 668 600; x_wconf 92' lang='lat' dir='ltr'>sed</span> <span class='ocrx_word' id='word_1_25' title='bbox 692 547 905 619; x_wconf 92' lang='lat' dir='ltr'>prospectum</span> <span class='ocrx_word' id='word_1_26' title='bbox 933 537 1107 602; x_wconf 91' lang='lat' dir='ltr'>oculorum</span> 
     </span>
     <span class='ocr_line' id='line_1_5' title="bbox 104 637 1108 729; baseline 0.002 -23"><span class='ocrx_word' id='word_1_27' title='bbox 104 644 211 706; x_wconf 90' lang='lat' dir='ltr'>nubes</span> <span class='ocrx_word' id='word_1_28' title='bbox 224 641 378 723; x_wconf 90' lang='lat' dir='ltr'>pulveris,</span> <span class='ocrx_word' id='word_1_29' title='bbox 392 661 476 724; x_wconf 90' lang='lat' dir='ltr'>quae</span> <span class='ocrx_word' id='word_1_30' title='bbox 488 642 530 704; x_wconf 89' lang='lat' dir='ltr'>ad</span> <span class='ocrx_word' id='word_1_31' title='bbox 540 640 668 704; x_wconf 90' lang='lat' dir='ltr'>caelum</span> <span class='ocrx_word' id='word_1_32' title='bbox 682 637 890 717; x_wconf 84' lang='lat' dir='ltr'>efferebatur,</span> <span class='ocrx_word' id='word_1_33' title='bbox 903 640 1108 729; x_wconf 74' lang='lat' dir='ltr'>abstulerat:</span> 
     </span>
     <span class='ocr_line' id='line_1_6' title="bbox 104 747 1159 830; baseline -0.007 -18"><span class='ocrx_word' id='word_1_34' title='bbox 104 768 184 830; x_wconf 90' lang='lat' dir='ltr'>ergo</span> <span class='ocrx_word' id='word_1_35' title='bbox 201 749 289 811; x_wconf 92' lang='lat' dir='ltr'>haud</span> <span class='ocrx_word' id='word_1_36' title='bbox 306 768 402 811; x_wconf 91' lang='lat' dir='ltr'>secus</span> <span class='ocrx_word' id='word_1_37' title='bbox 419 769 518 830; x_wconf 91' lang='lat' dir='ltr'>quam</span> <span class='ocrx_word' id='word_1_38' title='bbox 534 747 568 810; x_wconf 95' lang='lat' dir='ltr'>in</span> <span class='ocrx_word' id='word_1_39' title='bbox 584 749 732 811; x_wconf 92' lang='lat' dir='ltr'>tenebris</span> <span class='ocrx_word' id='word_1_40' title='bbox 748 748 912 823; x_wconf 84' lang='lat' dir='ltr'>errabant,</span> <span class='ocrx_word' id='word_1_41' title='bbox 925 747 967 810; x_wconf 88' lang='lat' dir='ltr'>ad</span> <span class='ocrx_word' id='word_1_42' title='bbox 986 767 1108 811; x_wconf 92' lang='lat' dir='ltr'>sonum</span> <span class='ocrx_word' id='word_1_43' title='bbox 1147 765 1159 805; x_wconf 78' lang='lat' dir='ltr'>r</span> 
     </span>
    </p>

    <p class='ocr_par' dir='ltr' id='par_1_3' title="bbox 55 850 1155 1247">
     <span class='ocr_line' id='line_1_7' title="bbox 55 850 1110 933; baseline 0 -19"><span class='ocrx_word' id='word_1_44' title='bbox 55 862 88 914; x_wconf 83' lang='lat'>33</span> <span class='ocrx_word' id='word_1_45' title='bbox 105 862 204 915; x_wconf 91' lang='lat' dir='ltr'>notae</span> <span class='ocrx_word' id='word_1_46' title='bbox 219 851 310 914; x_wconf 91' lang='lat' dir='ltr'>vocis</span> <span class='ocrx_word' id='word_1_47' title='bbox 326 861 382 914; x_wconf 88' lang='lat' dir='ltr'>aut</span> <span class='ocrx_word' id='word_1_48' title='bbox 406 852 539 933; x_wconf 89' lang='lat' dir='ltr'>signum</span> <span class='ocrx_word' id='word_1_49' title='bbox 564 851 706 915; x_wconf 88' lang='lat' dir='ltr'>subinde</span> <span class='ocrx_word' id='word_1_50' title='bbox 728 859 897 916; x_wconf 93' lang='lat' dir='ltr'>coeuntes.</span> <span class='ocrx_word' id='word_1_51' title='bbox 945 850 1110 914; x_wconf 89' lang='lat' dir='ltr'>Exaudie-</span> 
     </span>
     <span class='ocr_line' id='line_1_8' title="bbox 105 954 1108 1039; baseline -0.002 -20"><span class='ocrx_word' id='word_1_52' title='bbox 105 957 186 1019; x_wconf 82' lang='lat' dir='ltr'>bant</span> <span class='ocrx_word' id='word_1_53' title='bbox 202 966 314 1019; x_wconf 92' lang='lat' dir='ltr'>tamen</span> <span class='ocrx_word' id='word_1_54' title='bbox 334 955 494 1036; x_wconf 87' lang='lat' dir='ltr'>strepitus</span> <span class='ocrx_word' id='word_1_55' title='bbox 511 955 725 1031; x_wconf 83' lang='lat' dir='ltr'>habenarum,</span> <span class='ocrx_word' id='word_1_56' title='bbox 743 955 863 1039; x_wconf 92' lang='lat' dir='ltr'>quibus</span> <span class='ocrx_word' id='word_1_57' title='bbox 879 954 956 1037; x_wconf 92' lang='lat' dir='ltr'>equi</span> <span class='ocrx_word' id='word_1_58' title='bbox 973 975 1108 1018; x_wconf 91' lang='lat' dir='ltr'>currum</span> 
     </span>
     <span class='ocr_line' id='line_1_9' title="bbox 104 1056 1155 1142; baseline -0.001 -19"><span class='ocrx_word' id='word_1_59' title='bbox 104 1061 265 1123; x_wconf 89' lang='lat' dir='ltr'>vehentes</span> <span class='ocrx_word' id='word_1_60' title='bbox 282 1058 464 1122; x_wconf 89' lang='lat' dir='ltr'>identidem</span> <span class='ocrx_word' id='word_1_61' title='bbox 475 1059 757 1124; x_wconf 86' lang='lat' dir='ltr'>verberabantur:</span> <span class='ocrx_word' id='word_1_62' title='bbox 772 1059 855 1124; x_wconf 93' lang='lat' dir='ltr'>haec</span> <span class='ocrx_word' id='word_1_63' title='bbox 865 1057 936 1123; x_wconf 86' lang='lat' dir='ltr'>sola</span> <span class='ocrx_word' id='word_1_64' title='bbox 944 1056 1109 1142; x_wconf 89' lang='lat' dir='ltr'>fugientis</span> <span class='ocrx_word' id='word_1_65' title='bbox 1152 1130 1155 1136; x_wconf 89' lang='lat'><em>.</em></span> 
     </span>
     <span class='ocr_line' id='line_1_10' title="bbox 105 1163 519 1247; baseline -0.002 -20"><span class='ocrx_word' id='word_1_66' title='bbox 105 1163 247 1247; x_wconf 89' lang='lat' dir='ltr'>vestigia</span> <span class='ocrx_word' id='word_1_67' title='bbox 269 1172 409 1245; x_wconf 89' lang='lat' dir='ltr'>excepta</span> <span class='ocrx_word' id='word_1_68' title='bbox 431 1171 519 1226; x_wconf 92' lang='lat' dir='ltr'>sunt.</span> 
     </span>
    </p>
   </div>
   <div class='ocr_carea' id='block_1_3' title="bbox 510 1411 715 1478">
    <p class='ocr_par' dir='ltr' id='par_1_4' title="bbox 510 1411 715 1478">
     <span class='ocr_line' id='line_1_11' title="bbox 510 1411 715 1478; baseline -0.01 0"><span class='ocrx_word' id='word_1_69' title='bbox 510 1413 592 1478; x_wconf 78' lang='lat' dir='ltr'><strong>CAP.</strong></span> <span class='ocrx_word' id='word_1_70' title='bbox 619 1411 715 1477; x_wconf 92' lang='lat' dir='ltr'><strong>XVI.</strong></span> 
     </span>
    </p>
   </div>
   <div class='ocr_carea' id='block_1_4' title="bbox 76 1579 1166 3636">
    <p class='ocr_par' dir='ltr' id='par_1_5' title="bbox 77 1579 1161 1976">
     <span class='ocr_line' id='line_1_12' title="bbox 77 1579 1160 1658; baseline 0.004 -14"><span class='ocrx_word' id='word_1_71' title='bbox 77 1606 88 1644; x_wconf 88' lang='lat' dir='ltr'>r</span> <span class='ocrx_word' id='word_1_72' title='bbox 152 1581 202 1645; x_wconf 87' lang='lat' dir='ltr'>At</span> <span class='ocrx_word' id='word_1_73' title='bbox 219 1580 252 1645; x_wconf 92' lang='lat' dir='ltr'>in</span> <span class='ocrx_word' id='word_1_74' title='bbox 269 1581 362 1645; x_wconf 91' lang='lat' dir='ltr'>laevo</span> <span class='ocrx_word' id='word_1_75' title='bbox 391 1583 613 1646; x_wconf 88' lang='lat' dir='ltr'>Macedonum</span> <span class='ocrx_word' id='word_1_76' title='bbox 638 1579 989 1658; x_wconf 90' lang='lat' dir='ltr'>comu-Parmenio,</span> <span class='ocrx_word' id='word_1_77' title='bbox 1018 1580 1107 1645; x_wconf 92' lang='lat' dir='ltr'>sicut</span> <span class='ocrx_word' id='word_1_78' title='bbox 1123 1586 1160 1648; x_wconf 88' lang='grc'>60</span> 
     </span>
     <span class='ocr_line' id='line_1_13' title="bbox 107 1684 1161 1768; baseline -0.003 -19"><span class='ocrx_word' id='word_1_79' title='bbox 107 1696 187 1750; x_wconf 87' lang='lat' dir='ltr'>ante</span> <span class='ocrx_word' id='word_1_80' title='bbox 202 1697 251 1749; x_wconf 79' lang='lat' dir='ltr'>est</span> <span class='ocrx_word' id='word_1_81' title='bbox 265 1685 401 1761; x_wconf 89' lang='lat' dir='ltr'>dictum,</span> <span class='ocrx_word' id='word_1_82' title='bbox 419 1685 738 1768; x_wconf 88' lang='lat' dir='ltr'>tuebatur-longe</span> <span class='ocrx_word' id='word_1_83' title='bbox 753 1684 818 1748; x_wconf 86' lang='lat' dir='ltr'>alia</span> <span class='ocrx_word' id='word_1_84' title='bbox 839 1686 974 1748; x_wconf 86' lang='lat' dir='ltr'>fortuna</span> <span class='ocrx_word' id='word_1_85' title='bbox 989 1684 1110 1749; x_wconf 92' lang='lat' dir='ltr'>utrius·</span> <span class='ocrx_word' id='word_1_86' title='bbox 1136 1706 1161 1746; x_wconf 89' lang='lat'>11</span> 
     </span>
     <span class='ocr_line' id='line_1_14' title="bbox 108 1788 1108 1873; baseline 0.001 -21"><span class='ocrx_word' id='word_1_87' title='bbox 108 1811 172 1873; x_wconf 93' lang='lat' dir='ltr'>que</span> <span class='ocrx_word' id='word_1_88' title='bbox 188 1789 292 1871; x_wconf 88' lang='lat' dir='ltr'>partis</span> <span class='ocrx_word' id='word_1_89' title='bbox 308 1810 361 1852; x_wconf 93' lang='lat' dir='ltr'>res</span> <span class='ocrx_word' id='word_1_90' title='bbox 377 1790 562 1871; x_wconf 87' lang='lat' dir='ltr'>gerebatur.</span> <span class='ocrx_word' id='word_1_91' title='bbox 610 1790 766 1852; x_wconf 89' lang='lat' dir='ltr'>Mazaeus</span> <span class='ocrx_word' id='word_1_92' title='bbox 777 1809 853 1853; x_wconf 93' lang='lat' dir='ltr'>cum</span> <span class='ocrx_word' id='word_1_93' title='bbox 864 1788 954 1852; x_wconf 93' lang='lat' dir='ltr'>omni</span> <span class='ocrx_word' id='word_1_94' title='bbox 971 1810 1108 1853; x_wconf 91' lang='lat' dir='ltr'>suorum</span> 
     </span>
     <span class='ocr_line' id='line_1_15' title="bbox 108 1892 1109 1976; baseline -0.001 -18"><span class='ocrx_word' id='word_1_95' title='bbox 108 1894 260 1976; x_wconf 88' lang='lat' dir='ltr'>equitatu</span> <span class='ocrx_word' id='word_1_96' title='bbox 282 1893 498 1956; x_wconf 89' lang='lat' dir='ltr'>vehementer</span> <span class='ocrx_word' id='word_1_97' title='bbox 521 1892 672 1956; x_wconf 91' lang='lat' dir='ltr'>invectus</span> <span class='ocrx_word' id='word_1_98' title='bbox 696 1893 859 1974; x_wconf 88' lang='lat' dir='ltr'>urguebat</span> <span class='ocrx_word' id='word_1_99' title='bbox 884 1892 1109 1957; x_wconf 89' lang='lat' dir='ltr'>Macedonum</span> 
     </span>
    </p>

    <p class='ocr_par' dir='ltr' id='par_1_6' title="bbox 76 1995 1163 2286">
     <span class='ocr_line' id='line_1_16' title="bbox 76 1995 1109 2079; baseline 0.002 -21"><span class='ocrx_word' id='word_1_100' title='bbox 76 2022 92 2058; x_wconf 89' lang='lat'>2</span> <span class='ocrx_word' id='word_1_101' title='bbox 109 1998 185 2060; x_wconf 92' lang='lat' dir='ltr'>alas.</span> <span class='ocrx_word' id='word_1_102' title='bbox 213 1998 349 2079; x_wconf 88' lang='lat' dir='ltr'>lamque</span> <span class='ocrx_word' id='word_1_103' title='bbox 365 1997 537 2059; x_wconf 88' lang='lat' dir='ltr'>abundans</span> <span class='ocrx_word' id='word_1_104' title='bbox 553 1995 768 2059; x_wconf 89' lang='lat' dir='ltr'>multitudine</span> <span class='ocrx_word' id='word_1_105' title='bbox 784 1995 889 2059; x_wconf 89' lang='lat' dir='ltr'>aciem</span> <span class='ocrx_word' id='word_1_106' title='bbox 906 1996 1109 2061; x_wconf 91' lang='lat' dir='ltr'>circumvehi</span> 
     </span>
     <span class='ocr_line' id='line_1_17' title="bbox 109 2099 1163 2182; baseline 0.002 -18"><span class='ocrx_word' id='word_1_107' title='bbox 109 2109 273 2182; x_wconf 91' lang='lat' dir='ltr'>coeperat,</span> <span class='ocrx_word' id='word_1_108' title='bbox 292 2121 366 2163; x_wconf 92' lang='lat' dir='ltr'>cum</span> <span class='ocrx_word' id='word_1_109' title='bbox 389 2099 561 2162; x_wconf 88' lang='lat' dir='ltr'>Parmenio</span> <span class='ocrx_word' id='word_1_110' title='bbox 577 2099 705 2182; x_wconf 88' lang='lat' dir='ltr'>equites</span> <span class='ocrx_word' id='word_1_111' title='bbox 722 2099 878 2163; x_wconf 89' lang='lat' dir='ltr'>nuntiare</span> <span class='ocrx_word' id='word_1_112' title='bbox 900 2099 992 2163; x_wconf 92' lang='lat' dir='ltr'>iubet</span> <span class='ocrx_word' id='word_1_113' title='bbox 1009 2099 1110 2164; x_wconf 87' lang='lat' dir='ltr'>Alex·</span> <span class='ocrx_word' id='word_1_114' title='bbox 1137 2126 1163 2166; x_wconf 83' lang='lat' dir='ltr'>u</span> 
     </span>
     <span class='ocr_line' id='line_1_18' title="bbox 108 2203 1112 2286; baseline 0.002 -20"><span class='ocrx_word' id='word_1_115' title='bbox 108 2206 221 2279; x_wconf 88' lang='lat' dir='ltr'>andr0,</span> <span class='ocrx_word' id='word_1_116' title='bbox 239 2204 273 2267; x_wconf 94' lang='lat' dir='ltr'>in</span> <span class='ocrx_word' id='word_1_117' title='bbox 290 2225 355 2286; x_wconf 94' lang='lat' dir='ltr'>quo</span> <span class='ocrx_word' id='word_1_118' title='bbox 372 2203 561 2267; x_wconf 91' lang='lat' dir='ltr'>discrimine</span> <span class='ocrx_word' id='word_1_119' title='bbox 578 2203 640 2284; x_wconf 89' lang='lat' dir='ltr'>ipsi</span> <span class='ocrx_word' id='word_1_120' title='bbox 664 2213 800 2267; x_wconf 93' lang='lat' dir='ltr'>essent:</span> <span class='ocrx_word' id='word_1_121' title='bbox 822 2203 858 2265; x_wconf 92' lang='lat' dir='ltr'>ni</span> <span class='ocrx_word' id='word_1_122' title='bbox 881 2213 1011 2266; x_wconf 92' lang='lat' dir='ltr'>mature</span> <span class='ocrx_word' id='word_1_123' title='bbox 1035 2205 1112 2268; x_wconf 93' lang='lat' dir='ltr'>sub-</span> 
     </span>
    </p>

    <p class='ocr_par' dir='ltr' id='par_1_7' title="bbox 76 2306 1164 2804">
     <span class='ocr_line' id='line_1_19' title="bbox 76 2306 1110 2388; baseline 0 -16"><span class='ocrx_word' id='word_1_124' title='bbox 76 2308 287 2382; x_wconf 85' lang='lat' dir='ltr'>3veniretur,</span> <span class='ocrx_word' id='word_1_125' title='bbox 305 2328 372 2370; x_wconf 93' lang='lat' dir='ltr'>non</span> <span class='ocrx_word' id='word_1_126' title='bbox 393 2328 492 2388; x_wconf 91' lang='lat' dir='ltr'>posse</span> <span class='ocrx_word' id='word_1_127' title='bbox 516 2306 589 2370; x_wconf 90' lang='lat' dir='ltr'>sisti</span> <span class='ocrx_word' id='word_1_128' title='bbox 611 2307 734 2388; x_wconf 89' lang='lat' dir='ltr'>fugam.</span> <span class='ocrx_word' id='word_1_129' title='bbox 783 2307 853 2369; x_wconf 90' lang='lat' dir='ltr'>Iam</span> <span class='ocrx_word' id='word_1_130' title='bbox 877 2307 1019 2370; x_wconf 92' lang='lat' dir='ltr'>multum</span> <span class='ocrx_word' id='word_1_131' title='bbox 1035 2308 1110 2372; x_wconf 90' lang='lat' dir='ltr'>viae</span> 
     </span>
     <span class='ocr_line' id='line_1_20' title="bbox 109 2410 1111 2495; baseline 0.003 -22"><span class='ocrx_word' id='word_1_132' title='bbox 109 2421 323 2495; x_wconf 88' lang='lat' dir='ltr'>praeceperat</span> <span class='ocrx_word' id='word_1_133' title='bbox 350 2432 407 2474; x_wconf 87' lang='lat' dir='ltr'>rex</span> <span class='ocrx_word' id='word_1_134' title='bbox 434 2411 600 2474; x_wconf 90' lang='lat' dir='ltr'>inminens</span> <span class='ocrx_word' id='word_1_135' title='bbox 624 2410 827 2494; x_wconf 82' lang='lat' dir='ltr'>fugientium</span> <span class='ocrx_word' id='word_1_136' title='bbox 853 2411 966 2494; x_wconf 83' lang='lat' dir='ltr'>tergis,</span> <span class='ocrx_word' id='word_1_137' title='bbox 990 2433 1065 2476; x_wconf 93' lang='lat' dir='ltr'>cum</span> <span class='ocrx_word' id='word_1_138' title='bbox 1090 2433 1111 2476; x_wconf 90' lang='lat' dir='ltr'>a</span> 
     </span>
     <span class='ocr_line' id='line_1_21' title="bbox 110 2514 1110 2599; baseline 0 -19"><span class='ocrx_word' id='word_1_139' title='bbox 110 2516 328 2580; x_wconf 90' lang='lat' dir='ltr'>Parmenione</span> <span class='ocrx_word' id='word_1_140' title='bbox 353 2514 459 2578; x_wconf 86' lang='lat' dir='ltr'>tristis</span> <span class='ocrx_word' id='word_1_141' title='bbox 483 2514 620 2578; x_wconf 87' lang='lat' dir='ltr'>nuntius</span> <span class='ocrx_word' id='word_1_142' title='bbox 642 2515 744 2578; x_wconf 91' lang='lat' dir='ltr'>venit.</span> <span class='ocrx_word' id='word_1_143' title='bbox 794 2515 978 2580; x_wconf 85' lang='lat' dir='ltr'>Refrenare</span> <span class='ocrx_word' id='word_1_144' title='bbox 1006 2536 1110 2599; x_wconf 91' lang='lat' dir='ltr'>equos</span> 
     </span>
     <span class='ocr_line' id='line_1_22' title="bbox 109 2619 1164 2703; baseline 0.005 -21"><span class='ocrx_word' id='word_1_145' title='bbox 109 2619 200 2695; x_wconf 90' lang='lat' dir='ltr'>iussi,</span> <span class='ocrx_word' id='word_1_146' title='bbox 218 2619 274 2703; x_wconf 91' lang='lat' dir='ltr'>qui</span> <span class='ocrx_word' id='word_1_147' title='bbox 296 2620 513 2693; x_wconf 88' lang='lat' dir='ltr'>vehebantur,</span> <span class='ocrx_word' id='word_1_148' title='bbox 539 2638 727 2700; x_wconf 87' lang='lat' dir='ltr'>agmenque</span> <span class='ocrx_word' id='word_1_149' title='bbox 751 2619 903 2682; x_wconf 88' lang='lat' dir='ltr'>constitit</span> <span class='ocrx_word' id='word_1_150' title='bbox 930 2620 1110 2684; x_wconf 87' lang='lat' dir='ltr'>frendente</span> <span class='ocrx_word' id='word_1_151' title='bbox 1138 2648 1164 2687; x_wconf 80' lang='lat' dir='ltr'>ao</span> 
     </span>
     <span class='ocr_line' id='line_1_23' title="bbox 110 2721 1110 2804; baseline 0.002 -18"><span class='ocrx_word' id='word_1_152' title='bbox 110 2724 313 2798; x_wconf 73' lang='lat' dir='ltr'>Alexandro</span> <span class='ocrx_word' id='word_1_153' title='bbox 331 2722 413 2804; x_wconf 93' lang='lat' dir='ltr'>eripi</span> <span class='ocrx_word' id='word_1_154' title='bbox 437 2722 500 2785; x_wconf 91' lang='lat' dir='ltr'>sibi</span> <span class='ocrx_word' id='word_1_155' title='bbox 516 2721 688 2785; x_wconf 93' lang='lat' dir='ltr'>victoriam</span> <span class='ocrx_word' id='word_1_156' title='bbox 701 2742 720 2785; x_wconf 99' lang='lat' dir='ltr'>e</span> <span class='ocrx_word' id='word_1_157' title='bbox 734 2723 890 2786; x_wconf 89' lang='lat' dir='ltr'>manibus</span> <span class='ocrx_word' id='word_1_158' title='bbox 907 2731 941 2786; x_wconf 92' lang='lat' dir='ltr'>et</span> <span class='ocrx_word' id='word_1_159' title='bbox 961 2725 1110 2788; x_wconf 93' lang='lat' dir='ltr'>Dareum</span> 
     </span>
    </p>

    <p class='ocr_par' dir='ltr' id='par_1_8' title="bbox 76 2823 1166 3322">
     <span class='ocr_line' id='line_1_24' title="bbox 76 2823 1110 2908; baseline 0.002 -18"><span class='ocrx_word' id='word_1_160' title='bbox 76 2842 94 2890; x_wconf 88' lang='lat'>4</span> <span class='ocrx_word' id='word_1_161' title='bbox 109 2827 239 2891; x_wconf 84' lang='lat' dir='ltr'>felicius</span> <span class='ocrx_word' id='word_1_162' title='bbox 254 2823 371 2908; x_wconf 87' lang='lat' dir='ltr'>fugere</span> <span class='ocrx_word' id='word_1_163' title='bbox 386 2847 486 2908; x_wconf 92' lang='lat' dir='ltr'>quam</span> <span class='ocrx_word' id='word_1_164' title='bbox 502 2846 538 2889; x_wconf 92' lang='lat' dir='ltr'>se</span> <span class='ocrx_word' id='word_1_165' title='bbox 555 2825 658 2908; x_wconf 91' lang='lat' dir='ltr'>sequi.</span> <span class='ocrx_word' id='word_1_166' title='bbox 705 2825 845 2890; x_wconf 91' lang='lat' dir='ltr'>Interim</span> <span class='ocrx_word' id='word_1_167' title='bbox 868 2826 911 2890; x_wconf 88' lang='lat' dir='ltr'>ad</span> <span class='ocrx_word' id='word_1_168' title='bbox 936 2826 1110 2892; x_wconf 84' lang='lat' dir='ltr'>Mazaeum</span> 
     </span>
     <span class='ocr_line' id='line_1_25' title="bbox 111 2929 1110 3014; baseline 0.002 -21"><span class='ocrx_word' id='word_1_169' title='bbox 111 2930 257 3012; x_wconf 87' lang='lat' dir='ltr'>superati</span> <span class='ocrx_word' id='word_1_170' title='bbox 282 2929 370 3012; x_wconf 93' lang='lat' dir='ltr'>regis</span> <span class='ocrx_word' id='word_1_171' title='bbox 395 2929 484 2992; x_wconf 88' lang='lat' dir='ltr'>fama</span> <span class='ocrx_word' id='word_1_172' title='bbox 508 2940 712 3012; x_wconf 88' lang='lat' dir='ltr'>pervenerat.</span> <span class='ocrx_word' id='word_1_173' title='bbox 761 2930 888 3012; x_wconf 87' lang='lat' dir='ltr'>Itaque,</span> <span class='ocrx_word' id='word_1_174' title='bbox 910 2950 1110 3014; x_wconf 90' lang='lat' dir='ltr'>quamquam</span> 
     </span>
     <span class='ocr_line' id='line_1_26' title="bbox 109 3032 1112 3117; baseline 0.003 -20"><span class='ocrx_word' id='word_1_175' title='bbox 109 3034 248 3097; x_wconf 92' lang='lat' dir='ltr'>validior</span> <span class='ocrx_word' id='word_1_176' title='bbox 263 3043 342 3109; x_wconf 88' lang='lat' dir='ltr'>erat,</span> <span class='ocrx_word' id='word_1_177' title='bbox 356 3043 469 3096; x_wconf 92' lang='lat' dir='ltr'>tamen</span> <span class='ocrx_word' id='word_1_178' title='bbox 484 3032 620 3095; x_wconf 91' lang='lat' dir='ltr'>fortuna</span> <span class='ocrx_word' id='word_1_179' title='bbox 635 3032 779 3114; x_wconf 88' lang='lat' dir='ltr'>partium</span> <span class='ocrx_word' id='word_1_180' title='bbox 795 3034 931 3098; x_wconf 89' lang='lat' dir='ltr'>territus</span> <span class='ocrx_word' id='word_1_181' title='bbox 947 3034 1112 3117; x_wconf 90' lang='lat' dir='ltr'>perculsis</span> 
     </span>
     <span class='ocr_line' id='line_1_27' title="bbox 110 3136 1166 3221; baseline 0.003 -19"><span class='ocrx_word' id='word_1_182' title='bbox 110 3138 298 3220; x_wconf 91' lang='lat' dir='ltr'>languidius</span> <span class='ocrx_word' id='word_1_183' title='bbox 336 3136 491 3200; x_wconf 88' lang='lat' dir='ltr'>instabat.</span> <span class='ocrx_word' id='word_1_184' title='bbox 554 3137 727 3200; x_wconf 91' lang='lat' dir='ltr'>Parmenio</span> <span class='ocrx_word' id='word_1_185' title='bbox 765 3137 938 3219; x_wconf 91' lang='lat' dir='ltr'>ignorabat</span> <span class='ocrx_word' id='word_1_186' title='bbox 976 3139 1111 3221; x_wconf 92' lang='lat' dir='ltr'>quidem</span> <span class='ocrx_word' id='word_1_187' title='bbox 1139 3167 1166 3207; x_wconf 69' lang='lat'>2⁶</span> 
     </span>
     <span class='ocr_line' id='line_1_28' title="bbox 110 3240 1112 3322; baseline 0.003 -17"><span class='ocrx_word' id='word_1_188' title='bbox 110 3262 244 3306; x_wconf 89' lang='lat' dir='ltr'>causam</span> <span class='ocrx_word' id='word_1_189' title='bbox 268 3261 327 3304; x_wconf 88' lang='lat' dir='ltr'>sua</span> <span class='ocrx_word' id='word_1_190' title='bbox 350 3249 470 3322; x_wconf 90' lang='lat' dir='ltr'>sponte</span> <span class='ocrx_word' id='word_1_191' title='bbox 499 3260 632 3321; x_wconf 89' lang='lat' dir='ltr'>pugnae</span> <span class='ocrx_word' id='word_1_192' title='bbox 661 3240 829 3317; x_wconf 89' lang='lat' dir='ltr'>remissae,</span> <span class='ocrx_word' id='word_1_193' title='bbox 847 3242 907 3306; x_wconf 89' lang='lat' dir='ltr'>sed</span> <span class='ocrx_word' id='word_1_194' title='bbox 937 3242 1112 3307; x_wconf 89' lang='lat' dir='ltr'>occasione</span> 
     </span>
    </p>

    <p class='ocr_par' dir='ltr' id='par_1_9' title="bbox 78 3344 1113 3636">
     <span class='ocr_line' id='line_1_29' title="bbox 78 3344 1112 3428; baseline 0.002 -20"><span class='ocrx_word' id='word_1_195' title='bbox 78 3363 92 3418; x_wconf 80' lang='lat'><strong>5</strong></span> <span class='ocrx_word' id='word_1_196' title='bbox 110 3344 266 3409; x_wconf 91' lang='lat' dir='ltr'>vincendi</span> <span class='ocrx_word' id='word_1_197' title='bbox 285 3354 422 3408; x_wconf 90' lang='lat' dir='ltr'>strenue</span> <span class='ocrx_word' id='word_1_198' title='bbox 443 3351 494 3406; x_wconf 92' lang='lat' dir='ltr'>est</span> <span class='ocrx_word' id='word_1_199' title='bbox 514 3363 603 3407; x_wconf 74' lang='lat' dir='ltr'>usus,</span> <span class='ocrx_word' id='word_1_200' title='bbox 650 3344 831 3408; x_wconf 87' lang='lat' dir='ltr'>Thessalos</span> <span class='ocrx_word' id='word_1_201' title='bbox 853 3345 983 3428; x_wconf 92' lang='lat' dir='ltr'>equites</span> <span class='ocrx_word' id='word_1_202' title='bbox 1008 3346 1050 3410; x_wconf 86' lang='lat' dir='ltr'>ad</span> <span class='ocrx_word' id='word_1_203' title='bbox 1075 3367 1112 3412; x_wconf 89' lang='lat' dir='ltr'>se</span> 
     </span>
     <span class='ocr_line' id='line_1_30' title="bbox 109 3445 1113 3533; baseline 0 -20"><span class='ocrx_word' id='word_1_204' title='bbox 109 3449 222 3514; x_wconf 92' lang='lat' dir='ltr'>vocari</span> <span class='ocrx_word' id='word_1_205' title='bbox 246 3448 347 3513; x_wconf 92' lang='lat' dir='ltr'>iubet.</span> <span class='ocrx_word' id='word_1_206' title='bbox 397 3446 558 3529; x_wconf 89' lang='lat' dir='ltr'>“Ecquid</span> <span class='ocrx_word' id='word_1_207' title='bbox 584 3445 737 3523; x_wconf 84' lang='lat' dir='ltr'>videtis,’&#39;</span> <span class='ocrx_word' id='word_1_208' title='bbox 763 3448 881 3531; x_wconf 88' lang='lat' dir='ltr'>inquit,</span> <span class='ocrx_word' id='word_1_209' title='bbox 910 3449 1030 3525; x_wconf 91' lang='lat' dir='ltr'>“istos,</span> <span class='ocrx_word' id='word_1_210' title='bbox 1056 3450 1113 3533; x_wconf 93' lang='lat' dir='ltr'>qui</span> 
     </span>
     <span class='ocr_line' id='line_1_31' title="bbox 104 3551 1112 3636; baseline 0.004 -21"><span class='ocrx_word' id='word_1_211' title='bbox 104 3553 268 3617; x_wconf 78' lang='lat' dir='ltr'>ferociter</span> <span class='ocrx_word' id='word_1_212' title='bbox 281 3553 381 3616; x_wconf 95' lang='lat' dir='ltr'>modo</span> <span class='ocrx_word' id='word_1_213' title='bbox 398 3551 581 3627; x_wconf 89' lang='lat' dir='ltr'>instabant,</span> <span class='ocrx_word' id='word_1_214' title='bbox 594 3552 714 3633; x_wconf 90' lang='lat' dir='ltr'>pedem</span> <span class='ocrx_word' id='word_1_215' title='bbox 731 3552 856 3618; x_wconf 79' lang='lat' dir='ltr'>referre</span> <span class='ocrx_word' id='word_1_216' title='bbox 869 3552 979 3617; x_wconf 91' lang='lat' dir='ltr'>subito</span> <span class='ocrx_word' id='word_1_217' title='bbox 989 3573 1112 3636; x_wconf 91' lang='lat' dir='ltr'>pavore</span> 
     </span>
    </p>
   </div>
   <div class='ocr_carea' id='block_1_5' title="bbox 46 3731 1193 3874">
    <p class='ocr_par' dir='ltr' id='par_1_10' title="bbox 46 3731 1193 3874">
     <span class='ocr_line' id='line_1_32' title="bbox 46 3731 1193 3805; baseline -0.017 -10"><span class='ocrx_word' id='word_1_218' title='bbox 46 3731 151 3788; x_wconf 56' lang='lat' dir='ltr'>“dm“</span> <span class='ocrx_word' id='word_1_219' title='bbox 159 3744 526 3805; x_wconf 65' lang='lat' dir='ltr'>mandtbaemmrnually.</span> <span class='ocrx_word' id='word_1_220' title='bbox 570 3763 604 3793; x_wconf 73' lang='lat' dir='ltr'>no.</span> <span class='ocrx_word' id='word_1_221' title='bbox 621 3743 876 3797; x_wconf 70' lang='lat' dir='ltr'>frendente,gnashtng</span> <span class='ocrx_word' id='word_1_222' title='bbox 885 3738 1001 3782; x_wconf 66' lang='lat' dir='ltr'>tntum</span> <span class='ocrx_word' id='word_1_223' title='bbox 1036 3739 1193 3788; x_wconf 46' lang='lat' dir='ltr'>atr-numm</span> 
     </span>
     <span class='ocr_line' id='line_1_33' title="bbox 407 3810 821 3874; baseline -0.031 -9"><span class='ocrx_word' id='word_1_224' title='bbox 407 3821 456 3874; x_wconf 82' lang='lat' dir='ltr'>(sc.</span> <span class='ocrx_word' id='word_1_225' title='bbox 471 3817 672 3868; x_wconf 80' lang='lat' dir='ltr'>Macedonibus),</span> <span class='ocrx_word' id='word_1_226' title='bbox 681 3810 821 3858; x_wconf 75' lang='lat' dir='ltr'>skattered.</span> 
     </span>
    </p>
   </div>
   <div class='ocr_carea' id='block_1_6' title="bbox 0 0 1243 4036">
    <p class='ocr_par' dir='ltr' id='par_1_11' title="bbox 0 0 1243 4036">
     <span class='ocr_line' id='line_1_34' title="bbox 0 0 1243 4036; baseline 0 0"><span class='ocrx_word' id='word_1_227' title='bbox 0 0 1243 4036; x_wconf 95' lang='lat' dir='ltr'> </span> 
     </span>
    </p>
   </div>
  </div>
 </body>
</html>
