2476 4036
282 147 510 212 sztoriarum
533 148 721 213 Alexandri
740 150 765 213 J
770 151 803 229 V,
832 166 879 226 10,
908 168 954 215 11.
1022 191 1026 199 -
1079 165 1119 232 73

119 331 289 397 revolutus
306 341 367 409 est,
384 333 584 397 desiderium
609 316 759 416 captivae
782 335 933 417 profecto
949 355 969 398 a
984 354 1121 399 consue-

118 438 235 501 tudine
252 438 358 519 stupri
374 447 483 500 0rtum
499 458 573 501 esse
589 439 789 503 coniectans.
817 439 1001 504 Summotis
1018 439 1121 522 igitur
1138 465 1171 516 32

118 541 259 631 arbitris,
278 561 344 604 uno
359 542 530 622 dumtaxat
546 543 684 626 Tyriote
700 552 840 618 retento,
857 543 922 606 iam
938 563 1006 606 non
1023 543 1118 619 flens,

119 646 178 707 sed
208 645 389 726 suspirans
419 644 629 720 “Videsne”
661 635 779 728 inquit,
805 654 825 680 “
837 646 984 730 Tyriote,
1008 645 1119 710 locum

80 764 93 803 ⁶
119 748 292 812 mendacio
309 768 376 810 non
392 749 490 810 esse?
512 757 680 812 tormenta
695 750 760 812 iam
786 750 839 814 hic
855 759 971 813 erunt:
997 751 1057 813 sed
1077 772 1120 814 ne

118 852 344 934 expectaveris
360 871 420 933 per
435 853 524 928 deos,
539 852 567 915 si
580 853 659 934 quid
675 853 736 916 tibi
745 854 795 917 tui
808 853 896 936 regis
912 855 1120 917 reverentiae

118 964 191 1020 est:
213 976 302 1030 num,
320 957 408 1038 quod
431 965 465 1019 et
493 955 578 1020 scire
605 965 725 1038 expeto
752 967 786 1021 et
816 977 974 1040 quaerere
1004 959 1117 1040 pudet,

118 1079 218 1122 ausus
239 1067 291 1121 est
316 1067 350 1122 et
373 1059 526 1122 dominus
551 1068 585 1122 et
609 1059 795 1123 iuvenis?”
843 1061 904 1124 Ille
931 1061 1118 1144 quaestioni
1137 1077 1169 1128 33

118 1182 239 1244 corpus
255 1159 384 1238 offerre,
402 1164 482 1227 deos
505 1172 612 1226 testes
635 1163 801 1240 invocare,
818 1174 911 1229 caste
935 1175 1118 1248 sancteque

65 1283 93 1323 10
117 1266 264 1329 habitam
289 1286 365 1329 esse
391 1266 547 1350 reginam.
603 1267 754 1330 Tandem
779 1277 817 1331 ut
841 1268 925 1332 fides
949 1269 1040 1332 facta
1065 1279 1117 1332 est
1136 1286 1169 1336 34

117 1390 196 1433 vera
219 1389 303 1446 esse,
331 1389 416 1452 quae
442 1371 632 1434 adfirmaret
659 1373 772 1452 spado,
789 1371 899 1453 capite
926 1373 1036 1435 velato
1060 1372 1118 1435 diu

117 1473 210 1537 flevit
241 1473 521 1556 manantibusque
551 1475 661 1537 adhuc
690 1474 843 1550 lacrimis,
860 1484 956 1539 veste
987 1477 1030 1538 ab
1060 1496 1117 1539 ore

117 1576 250 1652 reiecta,
263 1578 305 1639 ad
321 1577 449 1641 caelum
465 1598 583 1640 manus
599 1579 751 1653 tendens
771 1579 842 1641 “Di
855 1577 984 1661 patrii,'’
997 1579 1115 1662 inquit,

118 1680 291 1762 “primum
319 1681 399 1743 mihi
426 1681 576 1744 stabilite
599 1701 761 1764 regnum:
783 1682 913 1758 deinde,
941 1681 970 1746 si
994 1683 1036 1746 de
1062 1704 1117 1746 me

64 1803 91 1844 ιε
117 1784 182 1847 iam
198 1793 403 1848 transactum
426 1794 487 1860 est,
505 1805 631 1867 precor,
648 1805 692 1848 ne
715 1784 788 1867 quis
804 1785 915 1867 potius
931 1785 1037 1849 Asiae
1060 1807 1118 1851 rex

116 1887 170 1963 sit,
194 1908 293 1970 quam
324 1887 388 1952 iste
426 1897 494 1951 tam
532 1888 641 1952 iustus
678 1888 795 1965 hostis,
820 1898 890 1952 tam
927 1889 1116 1955 misericors

116 1991 253 2056 victor.”

530 2139 612 2204 CAn.
639 2139 701 2204 XI.

64 2304 102 2367 43
161 2305 280 2388 Itaque
296 2325 495 2389 quamquam
518 2306 644 2369 frustra
661 2325 743 2387 pace
758 2305 810 2370 bis
832 2306 940 2389 petita
955 2306 1066 2371 omnia
1081 2308 1115 2370 in
1152 2335 1164 2372 1

93 2416 94 2419 ’
115 2409 239 2472 bellum
256 2409 395 2473 consilia
411 2419 629 2485 converterat,
646 2409 755 2473 victus
778 2419 891 2474 tamen
908 2412 1117 2475 continentia

63 2530 90 2570 ao
115 2513 221 2576 hostis
238 2513 279 2575 ad
295 2533 399 2575 novas
415 2513 506 2595 pacis
529 2512 742 2577 condiciones
765 2514 920 2578 ferendas
936 2533 960 2578 x
975 2515 1114 2597 legatos,

84 2639 89 2656 ³
115 2626 333 2699 cognatorum
348 2616 525 2698 principes,
542 2617 653 2680 misit:
676 2637 759 2699 quos
775 2616 969 2681 Alexander
978 2619 1116 2682 consilio

114 2721 276 2784 advocato
300 2720 467 2783 introduci
491 2719 597 2784 iussit.
646 2721 675 2783 E
694 2721 814 2803 quibus
837 2721 1000 2785 maximus
1023 2731 1114 2799 natu,
1150 2746 1167 2783 2

116 2822 327 2899 “Dareum’'
353 2823 471 2907 inquit,
490 2829 556 2886 “ut
583 2843 699 2905 pacem
722 2833 799 2888 ate
829 2825 894 2888 iam
921 2826 985 2889 hoc
1015 2827 1116 2890 tertio

113 2936 253 3008 peteret,
271 2926 362 2990 nulla
383 2927 433 2991 vis
457 2927 600 3009 subegit,
618 2928 677 2990 sed
700 2927 827 2991 iustitia
849 2938 884 2991 et
908 2928 1117 2994 continentia

63 3049 89 3090 as
115 3040 171 3094 tua
194 3031 366 3112 expressit.
415 3031 568 3106 Matrem,
590 3031 776 3113 coniugem,
798 3032 920 3096 liberos
943 3033 1024 3108 eius,
1049 3034 1114 3096 nisi
1149 3046 1165 3098 3

113 3135 200 3217 quod
217 3134 289 3197 sine
305 3134 360 3196 illo
377 3144 465 3210 sunt,
484 3144 600 3217 captos
623 3155 700 3198 esse
722 3156 789 3199 non
813 3136 1000 3202 sensimus:
1023 3139 1115 3219 pudi-

113 3237 211 3301 citiae
227 3257 348 3314 earum,
367 3258 452 3321 quae
468 3248 656 3320 supersunt,
670 3259 782 3302 curam
798 3240 886 3304 haud
902 3261 999 3305 secus
1015 3263 1114 3324 quam
1185 3309 1189 3317 ,

112 3361 234 3424 parens
250 3362 353 3425 agens
369 3342 502 3425 reginas
525 3343 681 3425 appellas,
699 3343 844 3424 speciem
868 3344 1029 3426 pristinae
1051 3346 1115 3408 for-

112 3453 215 3509 tunae
242 3445 386 3508 retinere
413 3445 547 3528 pateris.
594 3446 735 3509 Vultum
760 3455 853 3509 tuum
881 3447 988 3523 video,
1006 3449 1113 3531 qualis
1145 3468 1164 3516 4

61 3569 87 3610 ao
113 3548 216 3612 Darei
241 3548 315 3624 fuit,
338 3569 414 3613 cum
441 3549 686 3613 dimitteremur
709 3551 750 3613 ab
775 3570 832 3614 eo:
856 3560 891 3614 ct
918 3551 973 3616 ille
998 3562 1112 3616 tamen

102 3752 122 3781 ¹·
136 3737 278 3795 dellffl‘flum»
288 3739 327 3786 le·
337 3742 489 3789 Alexandet's
497 3743 557 3800 giret
562 3743 608 3789 los.
659 3744 686 3786 b.
698 3736 839 3797 quaestum,
846 3727 1049 3777 osculantium
1057 3727 1167 3762 tumst-
