2476 4036
301 162 528 227 Historiarum
550 163 738 229 Alexandri
756 166 780 229 J
786 166 819 242 V,
844 179 872 247 7,
897 167 926 230 8.
1070 166 1112 246 63

114 345 235 429 coegit,
249 351 380 428 magna
404 366 446 410 ex
466 356 561 428 parte
587 348 701 411 avidos
727 346 854 431 gloriae¹
878 347 987 431 magis
1013 369 1112 431 quam

114 469 253 530 capaces
279 450 368 514 facit.
417 451 506 514 Iovis
531 451 633 533 igitur
652 451 755 515 filium
780 472 905 515 senon
927 451 1033 515 solum
1059 472 1113 533 ap·
1131 475 1164 527 30

114 552 229 634 pellari
245 573 363 635 passus
380 563 441 629 est,
454 556 512 618 sed
529 551 628 618 et'iam
645 555 740 619 iussit
757 575 932 638 rerumque
942 565 1112 638 gestarum

113 656 247 732 famam,
273 658 351 720 dum
380 678 502 739 augere
526 659 596 721 vult
621 659 680 721 tali
706 658 937 740 appellatione,
955 659 1109 740 corrupit.

74 779 88 818 ⁶
117 761 162 823 Et
184 761 394 837 Macedones
412 761 542 824 adsueti
562 763 694 845 quidem
717 761 808 844 regio
830 762 978 844 imperi0,
996 764 1054 826 sed
1076 763 1111 826 in
1131 786 1160 837 31

114 864 239 927 maiore
257 864 423 928 libertatis
439 866 556 929 umbra
572 886 670 948 quam
687 875 817 930 ceterae
836 876 965 948 gentes,
983 867 1113 929 immor-

115 967 279 1031 talitatem
305 968 530 1032 adfectantem
559 970 795 1046 contumacius,
814 990 912 1053 quam
943 980 1000 1034 aut
1031 970 1112 1052 ipsis

115 1071 311 1152 expediebat
342 1082 400 1135 aut
431 1073 511 1155 regi,
529 1074 672 1137 aversati
704 1084 810 1138 sunt„
840 1074 908 1139 Sed
939 1074 1021 1138 haec
1052 1095 1112 1137 suo
1130 1097 1162 1149 32

115 1183 265 1258 quaeque
293 1175 435 1258 tempori
466 1187 701 1242 reserventur:
733 1198 822 1242 nunc
853 1187 966 1243 cetera
995 1178 1112 1261 exequi

64 1298 90 1340 ιο
115 1289 259 1362 pergam.

515 1419 599 1484 Cur.
621 1419 721 1485 VIII.

65 1590 101 1652 33
159 1587 352 1652 Alexander
370 1587 412 1652 ab
438 1588 628 1651 Hammone
652 1586 784 1651 rediens
808 1589 849 1652 ad
869 1587 1035 1652 Mareotin
1052 1610 1113 1674 pa·
1149 1613 1160 1650 1

115 1692 227 1756 ludem
252 1693 340 1755 haud
366 1693 480 1774 procul
499 1690 607 1754 insula
631 1692 736 1754 Pharo
761 1692 860 1757 sitam
880 1693 980 1756 venit.
1028 1692 1114 1757 Con-

115 1796 296 1878 templatus
311 1795 375 1860 loci
387 1805 539 1859 naturam
552 1796 694 1878 primum
706 1796 739 1858 in
751 1795 823 1877 ipsa
833 1795 939 1861 insula
950 1806 1112 1861 statuerat
1144 1860 1146 1864 ,

116 1902 231 1964 urbem
247 1921 366 1964 novam
380 1901 531 1976 condere,
549 1900 626 1963 inde
647 1909 683 1963 ut
700 1899 851 1981 adparuit
868 1920 1008 1983 magnae
1024 1902 1113 1966 sedis

65 2017 90 2058 1⁶
116 2005 259 2069 insulam
284 2005 371 2068 haud
398 2024 551 2086 capacem
577 2024 661 2075 esse,
689 2003 790 2087 elegit
817 2004 890 2067 urbi
917 2005 1034 2081 locum,
1057 2006 1113 2069 ubi
1142 2067 1144 2070 ,

116 2129 206 2174 nunc
217 2119 268 2172 est
279 2108 499 2184 Alexandrea,
511 2108 767 2190 appellationem
780 2109 916 2172 trahens
930 2129 969 2172 ex
980 2110 1114 2174 nomine

116 2213 269 2278 auctoris.
319 2211 518 2294 Conplexus,
536 2211 695 2294 quidquid
712 2211 772 2275 soli
789 2221 841 2275 est
857 2211 945 2276 inter
960 2213 1113 2295 paludem
1149 2245 1164 2280 2

115 2337 155 2382 ac
170 2336 270 2392 mare,
288 2316 459 2397 octoginta
475 2315 657 2379 stadiorum
674 2315 776 2378 muris
792 2316 952 2379 ambitum
969 2318 1114 2382 destinat

115 2430 161 2496 et,
179 2412 235 2503 qui
257 2419 521 2484 exaedificandae
544 2420 617 2482 urbi
640 2430 844 2501 praeessent,
862 2420 987 2484 relictis
1011 2422 1116 2484 Mem-

64 2539 91 2579 ω
116 2524 207 2606 phim
231 2523 324 2606 petit.
373 2523 502 2605 Cupido
533 2524 621 2586 haud
652 2516 775 2586 iniusta
804 2523 947 2606 quidem,
965 2535 1113 2589 ceterum
1149 2550 1164 2601 3

116 2627 352 2710 intempestiva
369 2627 560 2702 incesserat,
578 2647 644 2689 non
665 2626 823 2689 interiora
838 2629 936 2693 modo
952 2628 1113 2713 Aegypti,
1142 2667 1144 2672 -

116 2731 287 2796 sedetiam
298 2730 515 2812 Aethiopiam
529 2729 690 2796 invisere:
707 2730 898 2794 Memnonis
910 2732 1115 2820 Tithonique

117 2834 284 2900 celebrata
307 2833 399 2916 regia
414 2834 675 2916 'cognoscendae
691 2834 885 2900 vetustatis.
898 2833 1030 2898 avidum
1053 2846 1115 2900 tra-

117 2938 217 3003 hebat
234 2958 340 3020 paene
356 2948 448 3001 extra
460 2936 620 2999 terminos
637 2936 724 3000 solis.
774 2937 841 3001 Sed
857 2937 1034 3002 imminens
1050 2940 1116 3003 bel·
1149 2959 1166 3006 4

66 3059 92 3098 ²⁵
116 3042 195 3118 luni,
213 3041 307 3106 cuius
324 3041 429 3104 multo
445 3040 735 3121 maiorsupererat
752 3041 866 3114 moles,
884 3041 1009 3104 otiosae
1025 3064 1116 3124 pere-

117 3144 296 3227 grinationi
320 3153 469 3225 tempora
486 3153 660 3207 exemerat.
698 3144 827 3226 ,Itaque
850 3143 1009 3228 Aegypto
1025 3166 1117 3227 prae-

117 3248 197 3313 fecit
213 3247 421 3331 Aeschylum
439 3247 607 3310 Rhodium
629 3255 663 3312 et
685 3247 868 3322 Peucesten
896 3249 1115 3313 Macedonem

118 3361 275 3436 quattuor
290 3350 424 3419 milibus
448 3351 591 3413 militum
607 3351 642 3413 in
657 3351 859 3432 praesidium
883 3353 1028 3434 regionis
1045 3355 1115 3418 eius

117 3455 234 3527 datist,
246 3455 391 3520 claustra
407 3455 475 3518 Nili
492 3453 639 3518 fluminis
664 3454 876 3522 Polemonem
893 3456 979 3519 tueri
1002 3457 1116 3522 iubet:

67 3581 93 3623 ao
118 3578 191 3624 xxx
212 3560 256 3624 ad
285 3559 348 3623 hoc
378 3558 530 3623 triremes
560 3559 665 3624 datae.
713 3555 850 3622 Africae
880 3558 1012 3634 deinde,
1032 3581 1117 3639 uuae
1153 3584 1170 3633 ς

51 3748 72 3789 ⁶⁹
86 3747 487 3812 fflvmriomtectun.»
522 3725 858 3808 euveummunptut,
884 3728 1218 3798 ηςιιῂιηοςιῑηιὶὰιω
