2476 4036
330 160 557 227 Historiamm
580 161 768 227 Alexandn'
785 161 843 239 IV,
868 175 896 243 7.
1071 162 1109 226 61

113 332 247 410 etiamsi
272 363 359 428 aqua
383 345 551 421 deficeret,
575 345 740 410 auxilium.
790 344 972 410 Enimvero
994 354 1032 410 ut
1052 345 1114 410 lar·
1134 370 1165 423 ¹4
1207 412 1214 425 ,

114 469 194 532 gum
220 468 353 532 quoque
377 449 519 514 imbrem
546 458 764 515 excusserunt
790 448 963 532 procellae,
990 468 1050 533 pro
1077 470 1115 515 se

114 552 254 636 quisque
270 552 422 636 excipere
438 572 523 629 eum,
541 553 673 640 quidum
689 554 733 618 ob
748 553 838 618 sitim
853 553 1046 636 inpotentes
1063 553 1114 619 sui
1128 630 1131 634 Ὺ

114 676 171 720 ore
196 676 327 740 quoque
350 656 456 720 hianti
480 666 614 740 captare
636 666 828 740 coeperunt.
884 657 1113 740 Quadriduum
1135 679 1163 733 ¹5

73 779 88 819 r
114 781 175 842 per
188 769 300 824 vastas
316 759 514 824 solitudines
530 760 743 844 absumptum
761 771 824 825 est.
871 761 1008 844 Iamque
1026 761 1113 825 haud

113 864 230 947 procul
260 863 383 928 oraculi
413 864 493 927 sede
514 865 670 941 aberant,
702 884 778 928 cum
809 863 987 947 conplures
1024 863 1113 928 corvi

113 967 239 1051 agmini
261 978 459 1033 occurrunt:
490 967 620 1032 modico
643 967 755 1031 volatu
777 967 884 1049 prima
906 967 1002 1051 signa
1023 977 1114 1031 ante-

113 1072 273 1136 cedentes
305 1071 367 1156 [et]
400 1071 497 1136 modo
528 1072 622 1135 humi
651 1071 852 1146 residebant,
884 1091 959 1136 curn
990 1070 1113 1135 lentius

113 1194 236 1258 agmen
251 1175 430 1252 incederet,
449 1176 548 1240 modo
563 1196 600 1240 se
615 1175 735 1258 pennis
750 1174 904 1239 levabant
919 1175 1111 1238 ducentium

61 1277 242 1361 aliterque
257 1279 515 1344 monstrantium
539 1279 613 1343 ritu.
661 1280 812 1344 Tandem
835 1279 1015 1344 adsedem
1039 1289 1164 1343 con-16

62 1404 88 1446 u
114 1392 278 1447 secratam
303 1384 368 1447 deo
391 1392 530 1448 ventum
558 1392 619 1448 est.
669 1381 867 1448 Incredibile
896 1382 998 1459 dictu,
1026 1382 1115 1446 inter

113 1496 226 1551 vastas
241 1486 438 1552 solitudines
454 1487 519 1551 sita
535 1486 682 1570 undique
697 1486 921 1551 ambientibus
937 1486 1037 1550 ramis
1059 1487 1114 1550 vix

114 1587 148 1654 in
160 1590 298 1675 densam
312 1591 461 1655 umbram
474 1592 616 1655 cadente
628 1591 698 1655 sole
709 1600 864 1655 contecta
876 1600 938 1666 est,
952 1590 1113 1674 multique

113 1693 226 1758 iontes
242 1695 394 1759 dulcibus
410 1695 504 1778 aquis
519 1684 644 1778 passim
661 1694 873 1758 manantibus
888 1694 982 1758 alunt
1002 1695 1111 1759 silvas.

62 1814 89 1856 ¹⁸
115 1793 208 1863 Caeli
234 1820 365 1883 quoque
391 1799 474 1863 mira
503 1799 691 1882 temperies,
716 1818 819 1863 verno
841 1798 949 1881 tepori
971 1798 1113 1863 maxime
1134 1823 1163 1877 ¹7

114 1896 240 1978 similis,
257 1923 374 1967 omnes
389 1903 602 1986 anni-partes
626 1903 697 1986 pari
722 1902 916 1967 salubritate
940 1904 1111 1986 percurrit.

114 2004 261 2070 Accolae
285 2006 374 2070 sedis
401 2008 546 2072 suntab
572 2007 701 2072 oriente
728 2006 867 2090 proximi
893 2006 1109 2091 Aethiopum.
1133 2018 1163 2070 18

114 2108 156 2173 Iu
186 2109 357 2174 meridiem
387 2130 517 2174 versam
547 2111 681 2175 Arabes
712 2120 876 2193 spectant,
908 2112 1112 2197 Trogodytis

114 2232 300 2296 cognomen
323 2222 392 2278 est:
415 2214 532 2278 horum
555 2214 647 2298 regio
670 2216 840 2297 usquead
862 2216 998 2280 rubrum
1022 2236 1112 2280 mare

61 2336 88 2377 u
114 2317 266 2381 excurrit.
313 2318 363 2381 At
379 2338 444 2400 qua
465 2317 573 2400 vergit
595 2319 638 2382 ad
662 2318 884 2404 occidentem,¹
897 2319 953 2384 alii
975 2317 1113 2384 Aethio
1133 2344 1163 2394 19

113 2440 173 2502 pes
202 2420 326 2496 colunt,
358 2442 442 2504 quos
473 2421 607 2486 Simuos
640 2433 770 2487 vocant.
818 2423 853 2486 A
883 2424 1164 2507 septentrionem

10 2557 14 2566 ·
114 2523 322 2588 Nasamones
353 2534 441 2600 sunt,
472 2539 558 2608 gens
586 2525 727 2611 Syrtica,
760 2525 968 2610 navigiorum
998 2527 1113 2610 spoliis

113 2636 322 2710 quaestuosa,
339 2628 461 2712 quippe
477 2629 632 2694 obsident
656 2631 752 2694 litora
774 2638 809 2694 et
831 2640 928 2695 aestu
952 2631 1114 2696 destituta

113 2730 247 2814 navigia
262 2731 350 2796 notis
372 2732 436 2795 sibi
458 2733 553 2798 vadis
576 2743 748 2815 occupant.
798 2734 932 2822 Incolae
954 2735 1111 2812 nemoris,

61 2856 88 2898 as
112 2854 197 2918 quos
215 2835 434 2900 Hammonios
449 2845 581 2913 vocant,
599 2837 756 2919 dispersis
775 2837 918 2921 tuguriis
940 2839 1113 2904 habitant:

112 2937 260 3003 medium
277 2959 394 3003 nemus
409 2960 469 3022 pro
484 2960 561 3005 arce
577 2941 711 3015 habent,
730 2941 852 3024 triplici
868 2962 961 3007 muro
978 2942 1114 3008 circum-

111 3044 235 3107 datum.
283 3043 392 3107 Prima
406 3045 550 3109 munitio
572 3056 790 3130 tyrannorum
813 3056 964 3111 veterum
987 3046 1112 3130 regiam
1132 3075 1160 3113 21

112 3145 250 3213 clausit:
273 3147 307 3211 iu
334 3148 483 3229 proxima
510 3149 669 3231 coniuges
697 3169 812 3212 eorum
839 3169 914 3213 cum
938 3149 1052 3221 liberis
1079 3160 1112 3214 et

112 3250 274 3333 pelicibus
297 3251 512 3316 habitabant&
536 3252 590 3316 hic
614 3273 746 3335 quoque
768 3252 822 3316 dei
845 3253 1013 3317 oraculum
1040 3263 1113 3317 est:

59 3376 87 3418 ω
112 3353 230 3419 ultima
252 3354 460 3420 munimenta
484 3355 666 3419 satellitum
689 3356 992 3440 armigerorumque
1007 3357 1112 3421 'sedes

112 3468 217 3524 erant.
275 3458 339 3523 Est
364 3469 398 3522 et
425 3459 513 3523 aliud
541 3459 741 3523 Hammonis
768 3481 907 3524 nemus:
941 3460 975 3523 in
1004 3460 1113 3525 medio
1131 3484 1163 3522 22

112 3561 213 3626 habet
228 3562 783 3649 fontem-Solisaquamvocant.
823 3563 896 3629 Sub
908 3564 1117 3628 lucisortum

37 3774 42 3783 ·
84 3759 105 3788 ¹·
118 3748 391 3825 thwffo,adtmhv
448 3773 469 3816 3.
483 3745 1072 3816 inpotentessui‚mblelocontroltltmelpe==
1120 3725 1222 3832 ἷζε

28 3812 158 3859 mna,
170 3816 289 3859 mldness
297 3820 442 3873 esclr‘mate.
484 3840 561 3872 veruo
570 3826 660 3882 tepori,
669 3825 710 3871 she
721 3823 801 3878 mtto
811 3810 933 3864 mensib
940 3807 965 3861 οἱ
975 3806 1075 3852 ΨΜ*

17 3869 366 3936 “vffllrftrmnan
393 3885 834 3951 mmmmmmre.
861 3853 1112 3942 nomm*
