2476 4036
327 165 557 231 Historiarum
578 166 765 231 Alexandri
784 167 847 243 IV,
872 169 900 243 8,
917 186 948 252 9.
1072 168 1114 248 65

115 357 213 435 gatos
228 348 330 414 audit.
376 348 607 414 Athenienses
618 348 791 414 victoriam
803 349 1057 434 gratulabantur
1069 357 1114 425 et,

17 529 24 542 1
115 463 153 519 ut
183 453 307 537 captivi
338 453 542 518 Graecorum
569 453 639 518 suis
670 454 936 530 restituerentur,
954 453 1116 522 orabant:

116 556 242 622 Rhodii
265 566 301 627 et
332 557 409 622 Chii
439 558 481 622 de
510 557 676 641 praesidio
706 558 939 641 querebantur.
988 557 1121 622 Omnes,

115 680 222 745 aequa
258 661 447 726 desiderare
479 661 542 725 visi
579 661 840 744 inpetraverunt.
902 661 1115 749 Mitylenaeis
1136 685 1166 736 ¹3

74 783 248 849 equoque
272 764 315 829 ob
341 764 510 849 egregiam
535 765 570 829 in
596 775 708 848 partes
738 766 838 829 iidem
865 775 899 830 et
929 766 1113 848 pecuniam,

115 888 215 953 quam
245 867 281 933 in
312 854 447 933 bellum
466 869 696 952 inpenderunt,
721 869 864 943 reddidit
895 879 929 934 et
960 890 1115 953 magnam

115 973 287 1057 regionem
309 973 562 1063 linibuseorum
585 972 715 1038 adiecit.
764 973 961 1059 Cypriorum
983 993 1115 1057 quoque
1135 997 1167 1047 ¹4

115 1077 260 1161 regibus,
277 1075 419 1160 quieta
435 1059 548 1139 Dareo
558 1075 751 1141 deiecerant
767 1078 808 1141 ad
824 1076 931 1158 ipsum
946 1086 980 1140 et
993 1097 1117 1160 oppug-

115 1180 210 1245 nanti
225 1181 353 1267 Tyrum
369 1179 528 1269 miserant
543 1179 695 1257 classem,
712 1200 772 1264 pro
790 1179 910 1244 merito
932 1181 1039 1245 honos
1061 1181 1117 1244 ha·

63 1305 91 1348 ro
115 1284 206 1350 bitus
222 1294 283 1348 est.

158 1387 389 1471 Amphoterus
409 1387 540 1465 deinde,
564 1387 681 1453 classis
701 1388 901 1471 praefectus,
917 1390 959 1453 ad
977 1388 1116 1452 liberan-
1135 1409 1165 1466 ις

115 1492 192 1556 dam
213 1491 350 1557 Cretam
368 1491 699 1575 missus—namque
717 1501 751 1557 et
774 1493 947 1556 Persarum
968 1502 1002 1556 et
1020 1492 1117 1575 Spar·

115 1603 270 1659 tanorum
290 1595 391 1660 armis
410 1594 567 1679 pleraque
586 1595 658 1659 eius
676 1594 805 1660 insulae
826 1596 1118 1659 obsidebantur-

40 1725 42 1728 ’
115 1706 194 1763 ante
207 1700 319 1763 omnia
333 1718 425 1762 mare
436 1718 456 1770 a
467 1698 614 1782 piraticis
625 1699 789 1764 classibus
802 1699 970 1764 vindicare
985 1699 1116 1767 iussus:

65 1824 91 1868 n
116 1801 239 1886 quippe
254 1802 433 1866 obnoxium
450 1803 672 1886 praedonibus
688 1813 759 1868 erat
775 1803 811 1867 in
832 1802 955 1866 bellum
974 1812 1116 1887 utroque

116 1925 197 1989 rege
226 1925 395 1971 converso.
464 1907 529 1971 His
560 1906 743 1989 conpositis
776 1906 916 1970 Herculi
942 1906 1045 1992 Tyrio
1075 1927 1116 1971 ex
1136 1924 1167 1974 16

117 2028 197 2074 auro
212 2018 374 2074 crateram
391 2031 467 2090 cum
483 2029 555 2074 xxx
578 2009 702 2093 pateris
717 2009 859 2074 dicavit:
881 2009 1116 2094 inminensque

118 2113 230 2177 Dareo
244 2113 286 2178 ad
303 2114 499 2197 Euphraten
515 2113 580 2178 iter
593 2111 801 2198 pronuntiari
819 2112 925 2178 iussit

452 2400 455 2409 ι
532 2364 616 2430 Cur.
643 2364 705 2430 IX.

66 2536 104 2601 36
161 2530 211 2595 At
236 2531 385 2609 Dareus,
402 2551 478 2596 cum
506 2530 668 2618 Aegypto
694 2530 880 2596 devertisse
905 2530 938 2595 in
964 2530 1115 2596 Africam
1153 2551 1164 2588 1

65 2658 93 2699 n
118 2635 249 2699 hostem
266 2635 482 2717 conperisset,
495 2632 714 2712 dubitaverat,
732 2643 888 2699 utrumne
904 2634 993 2699 circa
1008 2636 1118 2698 Meso·

117 2738 296 2822 potamiam
320 2738 529 2815 subsisteret,
547 2758 590 2803 an
611 2738 771 2803 interiora
792 2737 888 2822 regni
907 2738 959 2802 sui
975 2746 1115 2822 peteret,

117 2841 320 2906 hauddubie
340 2842 510 2925 potentior
520 2852 643 2907 *auctor
659 2862 819 2926 praesens
839 2842 972 2906 iuturus
991 2841 1116 2905 ultimis

116 2945 274 3029 gentibus
294 2945 426 3029 inpigre
450 2946 575 3011 bellum
600 2946 807 3029 capessendi,
824 2966 907 3030 quas
933 2966 1034 3029 aegre
1058 2965 1118 3027 per

117 3049 305 3131 praefectos
314 3069 393 3113 suos
406 3038 612 3114 moliebatur.
662 3050 729 3115 Sed
739 3060 776 3113 ut
787 3049 915 3114 idoneis
925 3050 1116 3114 auctoribus
1151 3074 1168 3112 2

65 3174 92 3217 n
117 3152 207 3219 fama
244 3152 402 3236 vulgavit,
434 3151 664 3217 Alexandrum
695 3174 771 3218 cum
809 3152 965 3217 omnibus
1002 3153 1115 3236 copiis,

116 3274 358 3345 quamcumque
374 3256 446 3340 ipse
461 3257 586 3350 adisset
605 3257 785 3340 regionem,
802 3257 1005 3340 petiturum:
1027 3257 1118 3321 haud

117 3359 261 3443 ignarus,
278 3380 377 3444 quam
400 3381 474 3425 cum
501 3371 638 3425 strenuo
656 3379 710 3424 res
734 3369 834 3435 esset,
855 3360 967 3424 omnia
988 3358 1118 3443 longin-

117 3480 255 3546 quarum
275 3464 428 3547 gentium
448 3463 567 3528 auxilia
588 3463 806 3550 Babyloniam
833 3462 985 3528 contrahi
1009 3462 1115 3528 iussit.

117 3565 285 3631 Bactriani
311 3567 524 3654 Scythaeque
549 3578 583 3633 et
610 3567 686 3631 Indi
710 3576 959 3632 convenerant:
988 3566 1055 3631 iam
1081 3555 1117 3631 ei
