2476 4036
341 159 567 224 Historiarum
590 159 779 224 Alexandri
798 159 860 236 IV,
886 176 913 225 2.
1087 177 1128 240 43

119 340 339 419 Aristander,
357 344 579 426 peritissimus
601 353 725 420 vatum,
751 345 779 408 si
802 345 1010 409 extrinsecus
1033 364 1131 409 cruor

126 445 289 522 fluxisset,
308 447 550 512 Macedonibus
574 448 606 512 id
630 449 726 511 triste
741 449 890 511 futurum
914 449 980 512 ait:
1004 458 1128 524 contra,

126 572 204 616 cum
220 570 261 614 ex
276 550 434 615 interiore
450 562 544 635 parte
560 552 753 628 manaverit,
767 552 849 628 urbi,
864 573 962 635 quam
978 553 1130 616 obsidere

125 655 364 733 destinassent,
382 657 519 722 exitium
535 659 742 740 portendere.
789 657 981 720 Alexander
996 679 1071 721 cum
1096 669 1129 721 et
1151 680 1179 735 ις

83 777 98 818 ⁶
126 761 270 826 classem
285 762 400 844 procul
416 764 553 827 haberet
570 773 604 826 et
621 763 754 845 longam
778 762 984 826 obsidionem
1009 783 1130 845 magno

126 865 192 930 sibi
207 867 249 930 ad
264 876 378 931 cetera
392 866 619 949 inpedimento
635 867 763 930 videret
784 866 865 943 iore,
884 869 1128 942 caduceatores,

126 969 185 1053 qui
214 971 256 1034 ad
286 991 402 1053 pacem
433 991 491 1034 eos
522 971 757 1053 conpellerent,
783 971 892 1035 misit:
923 991 1005 1054 quos
1036 970 1130 1055 Tyrii

126 1083 245 1138 contra
260 1073 311 1138 ius
326 1073 476 1157 gentium
494 1074 622 1138 occisos
645 1075 947 1157 praecipitaverunt
964 1075 998 1138 in
1014 1074 1127 1138 altum.

127 1177 243 1261 Atque
273 1177 328 1242 ille
358 1199 494 1242 suorum
524 1187 593 1243 tam
624 1179 762 1261 indigna
795 1188 903 1243 morte
941 1188 1130 1242 commotus

74 1283 114 1343 10
128 1282 244 1345 urbem
276 1281 430 1346 obsidere
460 1282 586 1347 statuit.
639 1282 706 1347 Sed
736 1292 816 1346 ante
846 1282 996 1346 iacienda
1025 1281 1129 1345 moles
1152 1293 1181 1343 16

75 1406 101 1446 n
128 1395 209 1461 erat,
237 1406 321 1469 quae
352 1385 539 1450 continenti
569 1388 684 1451 urbem
715 1387 948 1451 committeret.
1004 1387 1129 1468 Ingens

128 1509 208 1572 ergo
231 1489 350 1553 animis
373 1489 516 1554 militum
539 1490 727 1572 desperatio
751 1490 888 1553 incessit
915 1490 1129 1554 cernentibus

127 1593 327 1676 profundum
353 1614 451 1670 mare,
470 1594 557 1677 quod
573 1594 628 1657 vix
643 1593 754 1657 divina
776 1614 839 1677 ope
862 1603 977 1676 posset
1001 1593 1127 1675 inpleri.

129 1697 225 1780 Quae
237 1717 316 1761 saxa
327 1706 396 1760 tam
411 1709 516 1774 vasta,
529 1719 611 1781 quas
626 1707 695 1761 tam
712 1718 865 1780 proceras
881 1698 1015 1761 arbores
1031 1717 1130 1778 posse

76 1817 102 1858 15
128 1799 288 1883 reperiri?
311 1801 551 1864 exhauriendas
568 1822 642 1864 esse
658 1802 821 1884 regiones,
835 1811 872 1864 ut
889 1801 968 1864 illud
985 1800 1129 1883 spatium

127 1914 405 1988 exaggeraretur:
443 1915 636 1969 exaestuare
666 1925 800 1987 semper
832 1905 966 1980 fretum,
999 1925 1130 1988 quoque

127 2008 232 2073 artius
259 2009 430 2072 volutetur
456 2008 544 2071 inter
571 2007 713 2072 insulam
738 2019 772 2072 et
798 2009 1037 2084 continentem,
1067 2010 1129 2072 hoc

127 2112 236 2176 acrius
263 2111 384 2176 furere.
431 2112 480 2176 At
507 2112 562 2175 ille
590 2113 842 2195 haudquaquam
871 2113 961 2176 rudis
988 2123 1180 2195 pertrac-17

127 2216 221 2280 tandi
231 2216 393 2279 militares
405 2216 533 2280 animos
546 2215 692 2298 speciem
706 2216 769 2280 sibi
786 2216 944 2280 Herculis
961 2217 995 2279 in
1011 2237 1129 2280 somno

72 2339 103 2382 n
128 2320 274 2384 oblatam
305 2340 380 2384 esse
410 2319 604 2402 pronuntiat
635 2321 785 2383 dextram
821 2320 1042 2403 porrigentis:
1074 2321 1129 2384 illo

128 2425 221 2500 duce,
239 2423 294 2487 illo
311 2423 481 2506 aperiente
497 2423 531 2486 in
547 2424 663 2487 urbem
679 2423 802 2488 intrare
819 2424 988 2488 sevisum.
1036 2425 1131 2488 Inter

128 2529 211 2592 haec
238 2529 473 2592 caduceatores
501 2526 706 2605 interfectos,
735 2529 886 2611 gentium
913 2528 985 2592 iura
1007 2528 1130 2591 violata

128 2631 313 2696 referebat:
343 2651 443 2693 unam
468 2651 542 2694 esse
565 2632 691 2708 urbem,
716 2653 801 2715 quae
829 2653 962 2696 cursum
993 2631 1128 2695 victoris

127 2736 247 2800 morari
263 2756 344 2799 ausa
359 2745 458 2800 esset.
508 2725 660 2799 Ducibus
683 2735 804 2799 deinde
827 2735 999 2818 negotium
1023 2734 1127 2813 datur,
1150 2749 1180 2800 18

76 2862 103 2903 n
128 2850 165 2904 ut
181 2861 259 2904 suos
274 2841 416 2923 ‘quisque
432 2838 584 2922 castiget,
602 2839 748 2923 satisque
772 2840 926 2903 omnibus
950 2839 1128 2903 stimulatis

128 2964 211 3026 opus
227 2964 322 3007 orsus
342 2953 402 3008 est.
451 2944 577 3025 Magna
592 2943 641 3006 vis
659 2964 811 3007 saxorum
834 2943 876 3007 ad
899 2964 1031 3007 manum
1057 2951 1129 3006 erat

103 3041 105 3046 ’
127 3047 218 3132 Tyro
242 3057 357 3111 vetere
383 3048 584 3129 praebente:
608 3047 764 3110 materies
791 3067 832 3110 ex
859 3047 988 3110 Libano
1014 3057 1130 3110 monte

75 3175 77 3180 ·
128 3151 255 3215 ratibus
271 3160 305 3215 et
322 3151 469 3215 turribus
485 3149 645 3214 faciendis
669 3150 902 3214 advehebatur.
950 3151 1087 3234 Iamque
1110 3171 1130 3214 a
1150 3172 1180 3223 19

127 3255 232 3318 fundo
256 3254 356 3319 maris
380 3254 415 3318 in
438 3254 648 3318 altitudinem
672 3253 835 3317 modicam
858 3274 941 3336 opus
969 3263 1127 3331 creverat,

76 3382 104 3424 n
128 3360 276 3423 nondum
292 3369 405 3423 tamen
423 3379 527 3441 aquae
542 3357 714 3440 fastigium
731 3357 913 3440 aequabat:
937 3378 1012 3422 cum
1035 3357 1129 3442 Tyrii
1148 3385 1181 3422 20

128 3462 239 3546 parvis
260 3463 402 3545 navigiis
424 3460 566 3526 admotis
589 3480 650 3542 per
671 3460 850 3525 ludibrium
874 3461 1127 3542 exprobrabant,

129 3567 202 3631 illos
215 3565 316 3630 armis
329 3565 463 3630 inclitos
479 3565 578 3630 dorso
595 3563 682 3629 sicut
698 3564 850 3629 iumenta
863 3584 966 3628 onera
981 3573 1131 3645 gestare:

57 3763 79 3794 ⁸·
97 3752 326 3812 “memsam
343 3761 385 3806 the
398 3762 504 3808 ruinae.
558 3764 597 3808 rs.
616 3759 762 3815 musenim
772 3757 852 3812 genn,
864 3745 1041 3796 “unuin-n·
1090 3729 1215 3784 φώκη

419 3829 567 3876 renowned.
624 3815 911 3882 dorsomntlmirboclr.
