2476 4036
105 143 147 205 42
477 125 513 204 Q.
543 123 639 190 Curti
658 126 741 208 Rufi

106 310 173 374 leni
200 319 233 374 et
260 309 438 393 tranquillo
465 310 547 374 mari
575 309 678 373 moles
709 309 762 392 agi
793 317 944 392 possunt,
969 308 1108 377 Africus

42 461 49 477 .
105 435 184 478 vero
200 414 307 496 prima
321 434 471 497 quaeque
488 423 647 496 congesta
670 414 767 496 pulsu
791 413 888 476 inlisa
910 414 1012 479 maris
1036 418 1110 480 sub

106 519 190 583 ruit:
214 539 275 582 nec
292 518 358 582 ulla
373 527 441 581 tam
458 519 552 581 firma
568 518 672 581 moles
689 527 750 592 est,
764 538 864 600 quam
880 538 948 581 non
965 522 1109 585 exedant

106 624 214 687 undae
237 633 271 687 et
294 644 354 706 per
372 643 477 686 nexus
501 643 638 705 operum
661 633 836 685 manantes
861 633 904 698 et,
922 623 979 688 ubi
1003 625 1111 688 acrior

71 736 89 786 9
106 727 204 790 flatus
216 727 339 802 existit,
354 727 475 790 summi
492 727 601 809 operis
617 725 752 810 fastigio
770 728 973 810 superfusae.
1017 729 1111 793 Prae·
1142 747 1151 786 ε

105 839 158 893 ter
180 831 266 894 hanc
289 830 519 895 difficultatem
545 832 633 894 haud
657 832 764 894 minor
787 832 850 894 alia
874 842 964 897 erat:
995 855 1110 898 muros

105 944 281 1017 turresque
301 935 392 998 urbis
416 936 599 1017 praealtum
623 956 714 998 mare
737 936 923 1001 ambiebat:
953 957 1023 1001 non
1046 947 1111 1001 tor-

106 1048 220 1102 menta
235 1038 300 1102 nisi
315 1059 334 1102 e
351 1039 491 1103 navibus
507 1039 621 1120 procul
638 1060 776 1103 excussa
792 1040 889 1116 mitti,
907 1061 974 1104 non
999 1040 1110 1105 scalae

105 1143 281 1206 moenibus
293 1142 448 1224 adplicari
460 1153 632 1224 poterant:
655 1164 815 1226 praeceps
828 1144 861 1207 in
875 1144 980 1207 salum
994 1165 1110 1209 murus

106 1248 261 1328 pedestre
287 1246 509 1329 interceperat
540 1246 622 1310 iter:
655 1231 763 1311 naves
783 1267 845 1311 nec
875 1249 1019 1312 habebat
1053 1270 1111 1314 rex
1135 1266 1156 1306 1⁰

106 1359 150 1426 et,
175 1350 203 1414 si
227 1349 439 1426 admovisset,
464 1351 648 1433 pendentes
672 1360 704 1414 et
728 1350 901 1415 instabiles
926 1352 1111 1417 missilibus

59 1479 90 1516 ro
106 1454 210 1519 arceri
225 1464 388 1536 poterant.
437 1455 531 1517 Inter
545 1474 630 1537 quae
645 1475 746 1536 parva
761 1454 852 1518 dictu
865 1476 918 1519 res
931 1457 1110 1541 Tyriorum

106 1557 260 1622 fiduciam
276 1557 437 1622 accendit.
485 1558 813 1640 Carthaginiensium
836 1558 938 1642 legati
961 1561 1003 1623 ad
1025 1561 1112 1625 cele-

106 1663 269 1727 brandum
301 1682 430 1725 sacrum
461 1661 719 1725 anniversarium
753 1682 844 1725 more
881 1663 989 1745 patrio
1027 1673 1110 1729 tunc

106 1775 287 1830 venerant:
317 1765 440 1848 quippe
471 1764 709 1848 Carthaginem
746 1765 840 1850 Tyrii
878 1766 1109 1844 condiderunt,
1136 1789 1159 1829 rr

59 1897 87 1935 11
108 1889 239 1952 semper
269 1878 444 1952 parentum
475 1868 547 1932 loco
579 1869 666 1933 culti.
726 1869 863 1932 Hortari
894 1890 975 1953 ergo
1007 1871 1111 1935 Poeni

107 1982 298 2056 coeperunt,
331 1982 368 2036 ut
399 1972 606 2037 obsidionem
637 1972 716 2035 forti
746 1973 857 2036 animo
895 1985 1112 2056 paterentur:

107 2077 199 2143 brevi
223 2075 426 2159 Carthagine
448 2076 569 2140 auxilia
591 2085 739 2140 ventura.
789 2077 942 2160 Namque
966 2098 1006 2141 ea
1029 2088 1112 2143 tem·

107 2190 239 2265 pestate
255 2200 375 2263 magna
390 2200 431 2242 ex
445 2190 541 2262 parte
559 2179 692 2244 Punicis
713 2180 875 2244 classibus
900 2181 1003 2245 maria
1026 2183 1112 2247 obsi-

60 2313 91 2351 12
107 2287 279 2350 debantur.
329 2284 436 2366 igitur
451 2283 539 2347 bello
558 2285 692 2347 decreto
716 2304 775 2366 per
798 2304 910 2348 muros
935 2295 1112 2369 turresque
1144 2292 1161 2353 9

107 2398 276 2454 tormenta
287 2388 478 2468 disponunt,
490 2407 580 2450 arma
592 2387 774 2451 iunioribus
787 2389 948 2463 dividunt,
962 2389 1110 2471 opificeS,
1137 2407 1162 2449 al

107 2514 247 2578 quorum
265 2491 359 2573 copia
371 2492 450 2554 urbs
466 2491 665 2567 abundabat,
680 2491 711 2553 in
727 2491 876 2555 officinas
893 2493 1109 2559 distribuunt.

108 2597 233 2663 Omnia
243 2595 320 2660 belli
333 2605 493 2676 apparatu
506 2604 679 2677 strepunt:
704 2593 830 2658 ferreae
844 2617 974 2679 quoque
991 2618 1112 2663 manus

105 2702 370 2783 -harpagonas
400 2708 664 2782 vocant-quas
695 2699 850 2780 operibus
882 2701 1028 2764 hostium
1052 2702 1113 2765 ini-

107 2803 232 2880 cerent,
259 2803 415 2886 corvique
442 2812 476 2866 et
503 2802 567 2867 alia
593 2803 726 2866 tuendis
754 2804 891 2867 urbibus
920 2804 1112 2887 excogitata
1137 2828 1164 2868 nu

60 2938 91 2991 ¹3
107 2908 396 2993 praeparabantur.
445 2906 513 2971 Sed
540 2928 615 2970 cum
646 2907 837 2971 fornacibus
861 2908 996 2984 ferrum,
1020 2913 1111 2992 quod

107 3011 224 3078 excudi
240 3012 425 3093 oportebat,
439 3011 620 3092 inpositum
634 3019 732 3085 esset,
748 3011 957 3095 admotisque
973 3012 1112 3078 follibus

107 3118 220 3201 ignem
237 3115 318 3179 flatu
334 3117 564 3191 accenderent,
579 3114 749 3199 sanguinis
766 3115 827 3179 rivi
844 3117 906 3180 sub
923 3116 1004 3198 ipsis
1020 3116 1112 3182 flam·

107 3221 171 3286 mis
196 3220 347 3284 extitisse
371 3220 546 3285 dicuntur:
577 3219 675 3303 idque
698 3239 796 3282 omen
824 3219 855 3282 in
887 3221 1110 3285 Macedonum

60 3347 91 3399 14
107 3326 279 3391 interitum
296 3334 468 3389 verterunt
484 3323 585 3408 Tyrii.
633 3323 737 3405 Apud
754 3324 956 3388 Macedonas
977 3345 1110 3409 quoque
1139 3352 1167 3392 so

108 3453 184 3497 cum
210 3430 297 3494 forte
324 3449 443 3512 panem
475 3428 608 3512 quidam
639 3427 782 3490 miiitum
812 3427 1016 3512 frangerent,
1044 3450 1112 3493 ma-

100 3534 218 3599 nantis
243 3533 418 3618 sanguinis
443 3541 559 3617 guttas
586 3540 797 3607 notaverunt,
819 3532 1004 3614 territoque
1029 3553 1111 3614 rege

52 3732 74 3761 ²⁴
92 3719 168 3772 ¹le
178 3725 546 3784 daebaedagmhst,shattered.
601 3740 623 3782 ⁴·
639 3733 768 3775 manantes,
777 3720 904 3769 trichting.
942 3713 1202 3784 §.excussarburlrda

21 3777 322 3864 :ztfffflhfflswrbsmn
362 3809 400 3849 ²4·
414 3795 580 3850 harpagonas,
586 3786 814 3849 grappling-a‘ront·
841 3793 877 3831 23·
891 3771 1096 3824 mmmmm·
1120 3772 1160 3809 ‘³5-
1173 3770 1202 3808 ἴθ’

61 3843 231 3896 'asumma
277 3871 315 3913 ⁸7·
331 3857 443 3913 follibus,
454 3860 572 3906 bellom.
