2476 4036
340 145 569 211 Historiarum
591 144 778 210 Alexandri
797 144 822 207 J
827 145 860 220 V,
890 163 935 224 14
1095 146 1138 224 87

80 267 105 306 Ο

137 331 307 416 pulsamus
330 330 479 394 inlatum.
535 330 703 394 lactamur
725 329 867 393 invicem
890 327 1052 392 varietate
1074 328 1138 391 for-

137 446 248 501 tunae.
295 434 460 499 Videlicet
477 434 662 516 imperium,
680 433 757 516 quia
780 443 896 496 mutuo
919 429 1134 506 adfectamus,

83 541 122 601 55
137 561 203 617 una
226 559 311 622 gens
327 558 394 601 non
411 538 509 620 capit.
555 537 722 612 Ceterum,
740 536 870 599 etiamsi
887 556 963 618 spes
980 557 1047 599 non
1064 537 1138 599 sub·
1155 559 1187 596 22

136 652 235 718 esset,
251 641 434 706 necessitas
447 650 558 703 tamen
573 640 743 703 stimulare
756 641 892 703 deberet
905 662 912 703 :
935 641 976 703 ad
989 649 1138 704 extrema

96 763 110 802 ὁ
135 756 333 829 perventum
350 755 410 809 est.
452 746 596 808 Matrem
613 764 729 819 meam,
743 746 824 807 duas
841 744 934 819 filias,
953 745 1086 808 Ochum
1102 744 1136 807 in

136 871 229 933 spem
246 850 343 913 huius
361 848 490 932 imperii
506 849 667 932 genitum,
685 848 862 930 principes,
880 848 968 910 illam
985 849 1135 912 subolem

135 954 246 1036 regiae
273 953 395 1036 stirpis,
424 954 526 1016 duces
552 962 682 1015 vestros
709 972 838 1015 reorum
869 951 976 1014 instar
1004 953 1136 1016 vinctos

135 1057 256 1122 habet:
279 1057 344 1121 nisi
365 1056 445 1140 quid
470 1056 504 1118 in
529 1056 622 1119 vobis
648 1055 720 1137 opis
746 1066 807 1131 est,
834 1076 897 1138 ego
921 1055 1044 1119 maiore
1070 1056 1135 1120 mei

135 1171 229 1243 parte
242 1161 391 1242 captivus
409 1180 491 1223 sum.
541 1159 670 1242 Eripite
685 1159 813 1222 viscera
828 1179 902 1222 mea
918 1179 958 1222 ex
973 1159 1135 1223 vinculis:

82 1281 110 1322 ιο
135 1265 303 1328 restituite
331 1263 411 1327 mihi
441 1263 588 1345 pignora,
618 1283 677 1345 pro
708 1263 828 1345 quibus
859 1263 923 1345 ipsi
953 1263 1037 1326 mori
1067 1285 1135 1327 non

135 1368 305 1443 recusatis,
334 1376 517 1449 parentem,
546 1367 686 1430 liberos:
710 1387 786 1429 nam
815 1367 991 1450 coniugem
1018 1367 1052 1430 in
1079 1368 1135 1430 illo

135 1491 266 1535 carcere
285 1471 389 1534 amisi.
439 1470 573 1534 Credite
596 1491 686 1533 nunc
709 1490 824 1533 omnes
848 1470 909 1534 hos
933 1472 1071 1534 tendere
1093 1472 1134 1533 ad
1153 1495 1185 1545 23

134 1595 194 1638 vos
225 1595 352 1649 manus,
379 1574 542 1657 inplorare
573 1572 696 1656 patrios
727 1574 817 1649 deos,
850 1594 946 1656 opem
977 1585 1132 1651 vestram,

135 1678 404 1753 misericordiam,
429 1678 529 1740 fidem
560 1697 748 1760 exposcere,
773 1688 810 1740 ut
841 1679 1065 1759 compedibus,
1097 1686 1134 1741 ut

83 1801 109 1840 u
136 1781 306 1858 servitute,
324 1790 361 1844 ut
385 1781 533 1863 precario
555 1781 645 1844 victu
670 1782 760 1862 ipsos
783 1781 939 1844 liberetis.
987 1781 1045 1844 An
1069 1802 1135 1844 cre-

135 1885 213 1948 ditis
229 1905 335 1968 aequo
351 1885 461 1947 animo
477 1884 518 1947 iis
535 1885 667 1959 servire,
685 1905 824 1968 quorum
841 1906 937 1967 reges
954 1905 1028 1948 esse
1043 1885 1135 1948 fasti-

135 1989 253 2052 diunt?
313 1989 421 2052 Video
451 1987 619 2051 admoveri
648 1988 794 2051 hostium
825 1989 947 2052 aciem:
978 1990 1037 2052 sed
1069 2011 1133 2072 quo
1153 2016 1185 2065 ²4

135 2093 270 2175 propius
294 2093 472 2156 discrimen
495 2093 626 2166 acced0,
649 2092 712 2154 hoc
737 2092 847 2155 minus
872 2092 923 2168 iis,
949 2113 1032 2175 quae
1057 2093 1132 2169 dixi,
1170 2172 1174 2178 .

135 2218 270 2279 possum
300 2217 374 2259 esse
401 2205 589 2260 contentus.
638 2195 699 2258 Per
725 2215 788 2278 ego
814 2216 873 2258 vos
901 2197 981 2259 deos
1008 2198 1134 2279 patrios

83 2320 110 2360 xo
135 2310 374 2383 aeternumque
398 2299 520 2382 ignem,
545 2299 601 2382 qui
624 2299 810 2381 praefertur
836 2299 1005 2375 altaribus,
1030 2301 1136 2383 fulgo-

135 2425 272 2487 remque
289 2404 367 2466 solis
384 2403 471 2466 intra
487 2403 571 2466 fines
588 2401 681 2484 regni
697 2401 763 2465 mei
786 2402 933 2479 orientiS,
950 2424 1010 2485 per
1032 2415 1135 2467 aeter-

135 2529 212 2570 nam
229 2507 421 2571 memoriam
440 2506 528 2590 Cyri,
546 2505 603 2589 qui
619 2507 811 2588 ademptum
829 2506 938 2569 Medis
963 2507 1135 2591 Lydisque

135 2611 311 2694 imperium
342 2611 468 2692 primus
492 2609 526 2672 in
552 2609 720 2672 Persidem
744 2609 876 2673 intulit:
903 2610 1070 2674 vindicate
1093 2613 1135 2675 ab

136 2715 252 2778 ultimo
277 2715 440 2778 dedecore
464 2734 586 2777 nomen
616 2711 819 2796 gentemque
851 2714 1032 2779 Persarum.
1083 2716 1135 2779 Ite
1153 2746 1183 2800 25

84 2839 109 2879 πο
135 2818 259 2882 alacres
283 2827 317 2881 et
341 2818 476 2899 spiritus
494 2817 593 2900 pleni,
612 2826 657 2892 ut,
675 2838 773 2900 quam
797 2817 935 2900 gloriam
959 2819 1135 2900 accepistis

135 2942 155 2984 a
177 2922 356 2985 maioribus
379 2921 509 2997 vestris,
528 2920 669 3003 posteris
693 2920 896 3005 relinquatis.
946 2923 986 2985 In
1009 2924 1134 2986 dextris

134 3026 255 3089 vestris
280 3025 345 3088 iam
370 3024 568 3100 libertatem,
594 3045 700 3107 opem,
729 3046 822 3107 spem
846 3026 952 3089 futuri
976 3024 1135 3109 temporis

136 3129 259 3211 geritis.
302 3129 432 3210 Effugit
446 3138 596 3203 mortem,
610 3129 761 3212 quisquis
774 3130 1029 3212 contempserit:
1050 3131 1136 3193 timi-

136 3233 309 3296 dissimum
343 3252 506 3315 quemque
537 3232 759 3315 consequitur.
823 3233 899 3315 Ipse
930 3253 996 3296 non
1028 3234 1135 3315 patrio
1153 3247 1185 3297 26

85 3359 111 3398 ao
136 3357 227 3400 more
257 3336 374 3411 solum,
406 3338 465 3400 sed
495 3336 595 3400 etiam
626 3345 663 3399 ut
695 3336 840 3418 conspici
871 3337 1005 3418 possim,
1037 3358 1135 3400 curru

136 3442 239 3503 vehor
254 3460 317 3503 nec
333 3461 459 3515 recus0,
478 3460 543 3522 quo
559 3439 670 3503 minus
686 3440 861 3503 imitemini
878 3461 940 3517 me,
958 3440 1028 3503 sive
1044 3440 1136 3503 forti-

136 3543 261 3608 tudinis
278 3543 465 3626 exemplum
482 3543 552 3606 sive
568 3542 718 3626 ignaviae
733 3544 828 3607 fuero
841 3545 848 3608 l
859 3542 876 3567 ”

117 3747 137 3773 a.
152 3733 396 3791 videlicet,ew‘dently.
425 3747 514 3792 mutuo,
524 3739 660 3792 mutuatty.
686 3753 709 3792 7.
722 3721 1107 3780 mmmmmttxmtmxmts.
1129 3725 1204 3758 xum

64 3795 269 3901 pedibusjmcbrs'
312 3814 348 3854 ¹⁵⁴
361 3803 476 3859 Precatio,
486 3804 598 3849 obtained
607 3803 636 3859 by
647 3801 844 3857 &minamine
852 3788 999 3836 uncertain·
1039 3777 1204 3826 *mv-*¹⁸2⁰*

57 3865 213 3910 ‘muraeyau
233 3875 262 3913 y.
