2476 4036
310 153 536 222 Historiarum
560 157 747 220 Alexandn'
767 158 831 231 III,
856 176 885 236 4,
906 171 931 237 5.
1087 175 1120 219 11

121 345 285 409 exederat.
335 343 612 406 Monstrabantur
634 342 764 406 urbium
788 343 885 405 sedes
910 340 1070 425 Lyrnessi
1089 350 1123 404 et

121 447 266 523 Thebes,
280 446 453 531 Typhonis
470 467 601 528 quoque
616 466 736 527 specus
752 455 786 508 et
800 445 978 530 Corycium
995 466 1121 520 nemus,

121 551 179 614 ubi
194 571 327 614 crocum
339 550 498 633 gignitur,
511 559 697 632 ceteraque,
710 549 744 612 in
757 550 877 632 quibus
894 548 976 612 nihil
992 560 1124 631 praeter

120 655 244 717 famam
260 655 443 718 duraverat.

69 765 106 823 11
166 758 359 822 Alexander
380 757 494 821 fauces
518 757 595 840 iugi,
613 778 698 840 quae
718 757 818 841 Pylae
840 757 1059 839 appellantur,
1077 757 1123 819 in·
1143 789 1170 826 11

82 882 95 919 o
121 861 229 926 travit.
279 860 534 944 Contemplatus
553 863 699 926 locorum
717 861 819 925 situm
835 882 902 924 non
918 860 999 923 alias
1016 861 1138 942 magis,

122 964 243 1028 dicitur
262 966 443 1028 admiratus
465 986 540 1028 esse
560 965 757 1028 felicitatem
779 986 891 1029 suam:
914 964 1009 1029 obrui
1030 975 1123 1047 potu-

122 1067 188 1132 isse
200 1068 253 1132 vel
270 1069 358 1133 saxis
375 1070 604 1144 confitebatur,
617 1069 644 1132 si
660 1069 804 1132 fuissent
821 1068 926 1151 qui‘z'n
938 1070 1122 1132 subeuntes

122 1172 357 1254 propellerent.
403 1173 474 1236 Iter
496 1173 551 1236 vix
573 1182 753 1255 quaternos
778 1173 929 1255 capiebat
957 1181 1122 1236 armatos:
1143 1206 1173 1242 12

69 1298 97 1348 ao
121 1276 256 1340 dorsum
280 1277 405 1340 montis
428 1277 622 1340 imminebat
642 1276 714 1339 viae
736 1297 804 1339 non
827 1285 991 1359 angustae
1013 1277 1121 1352 mod0,

122 1380 182 1443 sed
203 1381 398 1463 plerumque
413 1389 622 1462 praeruptae,
636 1380 760 1444 crebris
777 1380 1010 1443 oberrantibus
1033 1380 1121 1455 rivis,

122 1483 242 1566 quiex
264 1484 430 1548 radicibus
454 1483 618 1547 montium
643 1493 789 1548 manant.
837 1485 985 1548 Thracas
1008 1492 1122 1547 tamen
1143 1517 1173 1568 13

121 1587 239 1650 leviter
254 1597 398 1650 armatos
414 1590 613 1670 praecedere
628 1587 770 1651 iusserat
790 1587 995 1671 scrutarique
1011 1588 1120 1664 calleS,

122 1710 166 1755 ne
189 1691 342 1755 occultus
366 1691 473 1754 hostis
498 1691 533 1753 in
559 1692 744 1755 subeuntes
771 1701 967 1774 erumperet.
1016 1692 1123 1774 Sagit-

70 1819 98 1860 15
122 1795 281 1858 tariorum
298 1816 428 1878 quoque
444 1815 563 1858 manus
579 1805 798 1876 occupaverat
813 1794 950 1878 iugum:
973 1795 1122 1860 intentos

122 1919 219 1962 arcus
243 1900 410 1963 habebant
434 1898 561 1974 moniti,
579 1920 646 1962 non
662 1899 726 1968 iter
741 1899 831 1981 ipsos
847 1899 940 1974 inire,
958 1901 1016 1963 sed
1032 1921 1123 1982 proe-

122 2003 214 2066 lium.
260 2004 337 2066 Hoc
360 2004 458 2066 modo
481 2023 603 2085 agmen
622 2003 774 2084 pervenit
790 2004 832 2066 ad
849 2005 965 2067 urbem
982 2005 1120 2079 Tarson,
1143 2033 1174 2082 ¹4

123 2107 263 2170 cultum
280 2107 422 2170 maxime
435 2107 554 2169 Persae
571 2107 778 2170 subiciebant
795 2107 917 2189 ignem,
931 2127 973 2170 ne
990 2107 1123 2189 opulen-

122 2219 194 2274 tum
218 2211 376 2292 oppidum
400 2210 507 2274 hostis
530 2211 710 2274 invaderet.
758 2211 808 2273 At
831 2211 887 2274 ille
904 2210 1122 2274 Parmenione
1143 2241 1172 2296 ¹5

71 2341 98 2381 ro
123 2315 164 2377 ad
187 2314 405 2377 inhibendum
430 2315 620 2378 incendium
637 2335 711 2378 cum
736 2315 892 2396 expedita
914 2335 1014 2378 manu
1033 2336 1123 2396 prae·

105 2401 235 2493 misso,
264 2427 440 2501 postquam
467 2418 625 2481 barbaros
653 2419 799 2482 adventu
826 2439 960 2482 suorum
987 2418 1122 2502 fugatos

123 2542 198 2586 esse
213 2521 380 2604 cognovit,
397 2523 514 2586 urbem
530 2543 549 2585 a
565 2543 601 2586 se
618 2532 847 2586 conservatam
863 2522 974 2586 intrat.

550 2738 634 2837 Cap.
656 2773 698 2839 V.

73 2950 109 3011 12
167 2939 314 3005 Mediam
331 2940 471 3027 Cydnus
492 2941 609 3016 amnis,
630 2941 671 3004 de
694 2961 759 3023 quo
781 2940 879 3023 paulo
901 2940 1120 3005 antedictum
1159 2966 1170 3003 1

124 3053 185 3120 est,
202 3044 375 3108 interfluit.
423 3046 469 3108 Et
492 3055 573 3109 tunc
596 3054 706 3108 aestas
729 3054 809 3120 erat,
831 3045 924 3109 cuius
945 3044 1034 3108 calor
1054 3064 1122 3108 non

73 3174 98 3213 as
123 3149 221 3213 aliam
237 3149 344 3230 magis
356 3169 454 3230 quam
472 3148 609 3211 Ciliciae
624 3169 716 3211 oram
727 3168 848 3230 vapore
865 3148 944 3212 solis
959 3149 1122 3224 accendit,

124 3261 158 3316 et
174 3252 239 3315 diei
255 3251 513 3316 fervidissimum
530 3262 664 3334 tempus
680 3272 755 3315 esse
771 3261 936 3334 coeperat.
984 3252 1123 3316 Pulvere

124 3355 279 3420 simulac
299 3356 419 3419 sudore
436 3356 608 3438 perfusum
625 3376 737 3438 regem
760 3356 913 3422 invitavit
937 3355 1045 3439 liquor
1066 3356 1125 3419 flu·

125 3459 233 3536 minis
262 3469 299 3522 ut
330 3459 472 3523 calidum
503 3460 610 3523 adhuc
641 3479 761 3542 corpus
792 3459 952 3523 ablueret.
1006 3461 1123 3541 Itaque

124 3573 219 3627 veste
236 3563 388 3645 deposita
410 3563 443 3625 in
468 3572 651 3645 conspectu
669 3562 1031 3646 agminis—decorum
1046 3582 1125 3645 quo·

111 3770 131 3798 1·
145 3761 258 3816 exederat,
267 3764 322 3807 had
329 3766 466 3822 destroyed.
522 3784 545 3824 3.
560 3768 777 3822 erocum,seffron.
829 3762 867 3801 ab.
877 3739 1181 3799 mnaimtsifflbffl
