2476 4036
9 3781 66 3810 mm,
74 3777 94 3810 β

126 159 167 204 10
493 143 529 221 Q.
559 137 656 208 Curti
675 145 760 226 Rufi

120 327 163 389 ab
178 327 279 403 aditu,
297 348 362 409 quo
379 327 528 393 Ciliciam
544 327 726 391 intramus:
751 327 846 412 Pylas
862 327 990 390 incolae
1006 327 1121 391 dicunt

120 430 304 494 artissimas
326 430 449 507 fauces,
474 432 691 508 munimenta,
715 451 800 514 quae
827 451 928 493 manu
955 431 1120 512 ponimus,

88 549 104 598 3
121 535 263 599 naturali
284 535 351 598 situ
372 536 552 599 imitantes,
601 536 709 618 Igitur
724 535 895 610 Arsames,
912 535 969 617 qui
986 534 1121 598 Ciliciae

120 648 281 722 praeerat,
297 650 468 721 reputans
485 640 564 722 quid
579 640 676 705 initio
691 639 770 702 belli
794 640 932 701 Memno
948 640 1119 714 suasisset,

120 744 289 826 quondam
311 743 442 807 salubre
463 743 637 807 consilium
654 763 729 806 sero
751 743 869 824 exequi
891 742 1028 805 statuit:
1051 743 1120 825 igni
1160 759 1174 798 5

120 844 274 930 ferroque
291 846 441 911 Ciliciam
457 856 577 923 vastat,
594 857 631 910 ut
654 846 745 910 hosti
768 847 983 910 solitudinem
999 843 1121 909 iaciat:

120 951 279 1035 quidquid
294 951 369 1015 usui
386 960 496 1033 potest
513 972 597 1027 esse,
608 951 800 1034 corrumpit,
812 951 924 1014 sterile
939 971 978 1013 ac
994 951 1119 1014 nudum

86 1054 238 1131 4solum,
262 1055 351 1137 quod
381 1048 469 1118 tue'ri
495 1056 663 1137 nequibat,
688 1055 873 1119 relicturus.
922 1055 989 1119 Sed
1020 1055 1119 1137 longe

120 1159 235 1223 utilius
249 1159 314 1222 fuit
329 1158 503 1240 angustias
518 1159 637 1234 aditus,
648 1159 705 1241 qui
718 1159 868 1223 Ciliciam
884 1160 999 1240 aperit,
1011 1158 1120 1221 valido

120 1283 282 1345 occupare
296 1262 462 1345 praesidio
477 1262 658 1344 iugumque
674 1272 861 1344 opportune
881 1263 992 1325 itineri
1016 1262 1120 1324 immi·
1146 1281 1172 1318 10

120 1387 206 1430 nens
227 1366 380 1429 obtinere
403 1367 493 1428 unde
520 1365 647 1428 inultus
675 1366 876 1429 subeuntem
903 1366 1035 1429 hostem
1062 1376 1119 1429 aut

88 1488 102 1541 5
120 1471 294 1553 prohibere
312 1481 369 1533 aut
391 1470 578 1552 opprimere
600 1470 786 1551 potuisset:
810 1490 899 1533 nunc
922 1470 1045 1551 paucis,
1063 1469 1119 1553 qui

120 1574 258 1638 callibus
294 1574 532 1656 praesiderent,
563 1573 689 1637 relictis
718 1582 807 1636 retro
837 1573 908 1655 ipse
942 1574 1118 1648 concessit,

119 1678 295 1760 populator
323 1687 441 1753 terrae,
473 1698 572 1760 quam
603 1699 623 1740 a
652 1677 921 1760 populationibus
951 1677 1120 1741 vindicare
1161 1758 1166 1765 ἱ

119 1782 271 1846 debebat.
319 1782 411 1864 Ergo
426 1781 483 1863 qui
505 1780 613 1844 relicti
636 1791 742 1857 erant,
759 1782 908 1863 proditos
931 1802 967 1844 se
990 1781 1054 1844 rati
1077 1802 1120 1845 ne
1147 1802 1173 1842 15

120 1893 337 1968 conspectum
360 1885 493 1967 quidem
516 1885 623 1948 hostis
646 1885 811 1948 sustinere
833 1885 1018 1960 valuerunt,
1044 1906 1119 1949 cum

87 1990 172 2053 ovel
202 1988 376 2071 pauciores
406 1986 514 2051 locum
542 1988 693 2052 obtinere
720 1988 916 2071 potuissent.
964 1989 1117 2071 Namque
1134 1992 1172 2052 10

120 2104 282 2176 perpetuo
297 2093 376 2174 iugo
387 2092 512 2155 montis
527 2092 637 2174 asperi
653 2113 691 2156 ac
703 2093 874 2174 praerupti
887 2091 1003 2155 Cilicia
1019 2092 1120 2156 inclu-

120 2199 230 2261 ditur:
252 2197 433 2279 quodcum
448 2217 468 2258 a
484 2195 567 2258 mari
589 2197 757 2278 adsurgat,
775 2196 865 2259 velut
885 2196 961 2258 sinu
977 2185 1119 2278 quodam

120 2302 274 2384 flexuque
296 2309 479 2376 curvatum,
502 2320 618 2363 rursus
639 2300 746 2363 altero
768 2319 871 2362 cornu
894 2300 928 2362 in
951 2300 1118 2363 diversum
1145 2317 1172 2355 2⁰

88 2406 199 2469 tlitus
222 2405 375 2468 excurrit.
423 2404 487 2467 Per
508 2404 571 2468 hoc
589 2404 734 2479 dorsum,
751 2423 817 2485 qua
839 2404 981 2467 maxime
1004 2404 1120 2466 intror-

120 2530 178 2574 sus
194 2508 277 2572 mari
292 2508 389 2584 cedit,
406 2506 515 2590 asperi
537 2518 606 2570 tres
624 2507 735 2569 aditus
757 2516 791 2570 et
814 2507 1008 2590 perangusti
1030 2516 1118 2583 sunt,

87 2629 104 2679 8
120 2634 258 2697 quorum
276 2633 343 2676 uno
359 2611 477 2676 Cilicia
492 2611 645 2674 intranda
660 2621 723 2674 est.
769 2610 975 2693 Campestris
991 2612 1118 2688 eadem,

119 2738 185 2800 qua
200 2716 308 2799 vergit
324 2716 367 2778 ad
381 2735 482 2791 mare,
498 2715 672 2797 planitiem
687 2714 760 2778 eius
775 2714 899 2780 crebris
915 2714 1120 2796 distinguen-

119 2823 211 2885 tibus
226 2820 326 2884 rivis:
350 2819 510 2904 Pyramus
526 2829 561 2882 et
578 2819 725 2903 Cydnus,
739 2818 845 2882 incliti
860 2838 985 2893 amnes
999 2818 1117 2884 fluunt.
1145 2837 1171 2877 25

121 2926 260 3011 Cydnus
275 2944 342 2986 non
359 2923 468 3005 spatio
483 2943 652 3005 aquarum,
666 2924 726 2986 sed
741 2923 868 3005 liquore
884 2922 1117 2998 memorabilis,

119 3030 243 3113 quippe
265 3027 335 3091 leni
357 3036 467 3091 tractu
483 3047 502 3090 e
518 3027 669 3091 fontibus
684 3027 801 3090 labens
816 3046 899 3108 puro
915 3026 986 3088 solo
1001 3026 1119 3108 excipi-

119 3143 175 3197 tur
204 3153 267 3196 nec
297 3141 466 3195 torrentes
496 3131 681 3206 incurrunt,
707 3130 764 3213 qui
794 3129 922 3212 placide
951 3131 1119 3193 manantis

86 3256 103 3304 9
120 3237 249 3301 alveum
261 3236 408 3300 turbent.
449 3235 568 3317 Itaque
583 3235 794 3315 incorruptus
810 3234 963 3315 idemque
977 3233 1120 3316 frigidis-

119 3342 234 3416 simus,
252 3340 374 3422 quippe
388 3338 495 3403 multa
517 3339 661 3420 riparum
679 3336 881 3400 amoenitate
897 3337 1118 3414 inumbratos,
1144 3360 1171 3399 ao

72 3470 104 3504 ιο
120 3445 242 3528 ubique
257 3444 408 3507 fontibus
424 3443 495 3506 suis
510 3441 628 3504 similis
643 3440 678 3503 in
693 3460 783 3503 mare
799 3440 917 3503 evadit.
959 3440 1068 3503 Multa
1083 3442 1118 3504 in

120 3571 159 3613 ea
181 3549 318 3631 regione
340 3555 559 3611 monumenta
580 3544 716 3627 vulgata
742 3544 945 3608 carminibus
966 3554 1118 3609 vetustas

69 3736 90 3758 ¹'
108 3725 272 3778 &hoetm-
301 3750 336 3786 ¹3·
351 3738 457 3790 callibus,
468 3742 597 3784 mountain
600 3739 688 3793 patha.
723 3740 758 3780 18.
770 3735 898 3792 praerupti,
906 3733 1074 3786 steepjaggcd.
1098 3732 1195 3771 amoos·

88 3785 146 3818 m„
159 3789 242 3839 '⁷³42
287 3795 538 3852 mmmmm.
596 3821 634 3858 23.
649 3805 788 3854 ademtae
803 3795 1013 3851 annaeum
1065 3791 1211 3840 aarum.

169 3859 207 3897 ⁹7·
222 3859 309 3909 mem,
317 3873 412 3907 course
424 3868 470 3918 (cs.
482 3869 577 3922 nabo).
620 3872 661 3914 ²8.
674 3866 798 3912 manos
809 3859 1018 3918 (gemmatim-
