2476 4036
153 152 197 227 84
522 148 560 226 Q.
588 146 685 213 Curti
703 149 788 232 Rufi

155 332 222 396 Sed
238 331 274 394 in
290 341 472 413 conspectu
494 333 643 395 omnium
666 333 769 397 duces
786 343 820 396 et
836 330 1023 415 proximum
1046 353 1161 417 quem·

152 455 217 518 que
233 435 475 519 interequitans
491 436 739 519 adloquebatur.

555 686 638 750 CAP.
665 687 760 751 XIV.

121 878 132 914 r
198 851 385 916 “Emensis
416 861 467 916 tot
497 860 603 917 terras
634 853 668 915 in
700 873 794 935 spem
825 852 992 931 victoriae,
1017 856 1059 920 de
1091 876 1160 939 qua

152 954 376 1019 dimicandum
406 956 503 1031 foret,
531 956 594 1020 hoc
624 977 728 1020 unum
762 977 938 1039 superesse
965 959 1156 1024 discrimen.

153 1060 333 1123 Granicum
356 1060 411 1123 hic
434 1049 566 1123 amnem
591 1059 794 1142 Ciliciaeque
816 1070 948 1124 montes
964 1071 998 1124 et
1023 1061 1157 1146 Syriam
1196 1083 1208 1125 r

153 1162 393 1248 Aegytumque
430 1163 722 1245 praetereuntibus
749 1173 871 1246 raptas,
903 1165 1053 1248 ingentia
1084 1167 1158 1248 spei

119 1267 342 1350 2gloriaeque
372 1266 597 1342 incitamenta,
622 1267 795 1332 referebat.
845 1270 1084 1351 Reprehensos
1115 1291 1158 1335 ex
1208 1268 1212 1273 ’

152 1372 233 1454 fuga
264 1372 380 1434 Persas
411 1381 627 1454 pugnaturos,
652 1371 730 1454 quia
759 1373 877 1455 fugere
906 1393 974 1437 non
1004 1384 1154 1455 possent.

152 1475 304 1538 Tertium
319 1475 385 1543 iarn
395 1475 483 1538 diem
501 1484 593 1538 metu
605 1495 784 1558 exangues,
796 1475 897 1540 armis
913 1476 982 1540 suis
998 1487 1156 1541 oneratos

153 1580 187 1642 in
211 1580 328 1642 eodem
358 1578 499 1661 vestigio
538 1579 684 1644 haerere.
733 1579 871 1642 Nullum
909 1580 1154 1661 desperationis
1180 1604 1207 1643 lo

153 1683 283 1746 illorum
300 1682 406 1745 maius
429 1680 599 1746 indicium'
611 1703 695 1758 esse,
712 1703 811 1765 quam
828 1684 916 1765 quod
940 1684 1048 1759 urbeS,
1066 1685 1156 1767 quod

153 1806 251 1868 agros
261 1806 339 1850 suos
351 1794 495 1861 urerent,
507 1785 665 1868 quidquid
675 1807 743 1848 non
755 1785 993 1867 corrupissent,
1006 1787 1155 1852 hostiurn
1211 1822 1217 1832 «

120 1908 136 1958 3
153 1911 228 1953 esse
240 1890 394 1954 confessi.
442 1890 587 1952 Nomina
600 1891 697 1953 modo
706 1911 792 1953 vana
801 1891 952 1973 gentium
964 1891 1154 1974 ignotarum

153 2015 196 2056 ne
226 1993 501 2057 extimescerent:
530 2013 639 2076 neque
669 1994 759 2057 enim
792 1995 833 2057 ad
864 1994 944 2057 belli
974 1994 1154 2058 discrimen

153 2098 329 2179 pertinere,
343 2096 400 2179 qui
415 2098 457 2159 ab
472 2097 513 2158 iis
531 2097 678 2181 Scythae
690 2098 788 2180 quive
805 2097 941 2161 Cadusii
952 2090 1155 2179 appellaren-
1180 2122 1206 2163 u

119 2218 136 2264 4
153 2211 215 2264 tur.
265 2201 319 2266 Ob
335 2200 368 2263 id
384 2201 502 2282 ipsum,
520 2202 607 2283 quod
623 2201 730 2283 ignoti
745 2209 869 2276 essent,
881 2201 1045 2283 ignobiles
1061 2221 1155 2266 esse:

153 2324 334 2387 numquam
350 2304 495 2386 ignorari
511 2304 598 2367 viros
621 2302 736 2380 fortes,
753 2315 788 2368 at
803 2304 944 2367 inbelles
961 2325 1001 2367 ex
1016 2304 1154 2369 latebris

154 2409 223 2471 suis
240 2417 353 2470 erutos
370 2407 452 2469 nihil
468 2418 600 2489 praeter
615 2409 749 2471 nomina
764 2408 902 2472 adferre.
951 2408 1154 2472 Macedonas

153 2512 276 2575 virtute
300 2511 486 2586 adsecutos,
503 2532 546 2574 ne
569 2513 642 2594 quis
665 2522 738 2575 toto
761 2513 841 2575 orbe
864 2511 957 2575 locus
980 2521 1079 2589 esset,
1097 2513 1154 2596 qui

120 2629 134 2683 5
154 2616 237 2678 tales
254 2614 342 2677 viros
359 2614 535 2696 ignoraret.
584 2615 801 2678 Intuerentur
816 2616 1030 2678 barbarorum
1043 2615 1155 2680 incon·
1179 2642 1206 2683 ro

153 2719 261 2782 ditum
288 2738 428 2801 agmen:
460 2718 561 2780 alium
588 2718 670 2781 nihil
692 2730 824 2800 praeter
848 2718 991 2782 iaculum
1020 2720 1152 2796 habere,

152 2822 254 2885 alium
284 2821 390 2884 funda
420 2841 498 2883 saxa
527 2820 655 2896 librare,
684 2822 798 2903 paucis
829 2822 917 2885 iusta
946 2843 1038 2886 arma
1067 2843 1151 2889 esse.

155 2927 273 3008 Itaque
299 2924 389 2988 illinc
414 2925 526 3006 plures
552 2934 660 2989 stare:
684 2925 762 2988 hinc
788 2926 901 3007 plures
927 2926 1151 2992 dimicaturos.

119 3047 137 3096 6
155 3029 227 3092 Nec
243 3029 413 3110 postulare
429 3049 475 3103 se,
493 3038 530 3091 ut
545 3028 679 3091 fortiter
702 3039 915 3109 capesserent
931 3029 1101 3113 proelium,
1118 3031 1154 3095 ni

153 3133 225 3215 ipse
251 3133 373 3196 ceteris
400 3131 605 3195 fortitudinis
630 3133 749 3195 fuisset
775 3134 984 3215 exemplum:
1010 3154 1047 3197 se
1074 3144 1153 3199 ante
1178 3161 1206 3201 rs

152 3237 259 3319 prima
272 3236 367 3319 signa
390 3236 632 3300 dimicaturum.
683 3237 856 3319 Spondere
879 3257 938 3319 pro
955 3257 991 3300 se
1007 3246 1057 3301 tot
1074 3238 1156 3302 cica-
1190 3226 1193 3231 ⁵

153 3340 264 3415 trices,
297 3340 439 3402 totidem
470 3340 618 3421 corporis
649 3342 788 3404 decora:
813 3341 898 3404 scire
928 3341 1019 3422 ipsos
1050 3362 1154 3404 unum

153 3464 259 3526 paene
275 3464 312 3507 se
327 3444 469 3525 praedae
485 3444 670 3506 communis
689 3453 855 3507 exsortem
873 3444 908 3507 in
924 3443 987 3506 illis
1004 3443 1154 3508 colendis

110 3569 135 3617 7
148 3547 376 3630 ornandisque
406 3567 565 3630 usurpare
589 3547 747 3611 victoriae
774 3547 928 3630 praemia.
988 3547 1085 3612 Haec
1116 3542 1154 3613 s'e

49 3720 70 3761 ί
82 3734 289 3788 mammons
297 3747 384 3792 raptas,
395 3744 482 3786 seried
487 3744 515 3800 by
523 3746 594 3789 them
605 3747 634 3788 r'n
640 3745 749 3798 passing
755 3741 790 3795 by·
845 3741 879 3780 ab·
896 3736 1014 3786 subolem
1021 3732 1045 3772 Β*
1057 3733 1232 3782 “fflfiltsbm

107 3826 111 3832 .
202 3797 313 3848 mutnus.
356 3807 395 3850 28.
410 3820 552 3864 err-sortem,
563 3810 673 3854 without
681 3809 772 3852 share.
817 3793 1116 3854 29·usu¹um2‘mll⁰³··
